2030 3125
125 24 127 26 .
142 0 333 26 -*ae1÷r.‹²⁵v’”³=··“
343 0 381 17 v>
390 0 538 21 ew
561 0 580 14 .-.
593 3 596 6 ·
613 0 830 34 'vx-W
839 0 879 14 v

126 26 142 36 -'*
713 30 729 38 *cr

55 48 89 105 ..²¹ss
148 72 152 76 ·
165 73 224 115 40
235 98 241 123 3

163 190 327 251 deunt3
360 186 556 250 diyersis
587 192 735 243 autem
761 199 861 230 eos
870 185 962 244 uti·
971 188 1180 248 parodis,
1202 202 1301 233 cum
1331 202 1429 251 per
1443 202 1494 233 se
1532 187 1792 298 νβτίξείωψ

164 240 302 304 nullo
317 242 469 301 tamen
501 255 640 313 ipsius
671 244 866 300 fabulae
888 236 988 299 loco
1026 255 1138 301 satis
1172 241 1393 313 constat;
1416 273 1520 320 nam
1552 260 1671 324 quod
1702 271 1754 302 v.

163 330 303 390 Syrus
335 342 362 371 a
393 327 492 371 foro
531 309 778 384 ingreditur
822 339 908 369 sex
924 325 1139 371 versibus
1175 333 1414 387 postquam
1445 329 1618 388 Demea
1648 341 1754 375 rure

165 398 344 457 venerit
372 398 510 452 (355),
543 401 695 441 metuo
726 410 785 444 ne
815 396 1034 457 infirmior
1063 397 1122 441 sit
1151 398 1603 458 ratio..
1866 437 1868 440 ,
1958 450 1960 456 .

222 504 227 509 .
300 469 392 512 Iam
424 473 471 511 ut
502 467 759 511 summatim
789 480 940 510 rerum
971 467 1131 524 capita
1152 470 1465 526 decurramus,
1488 444 1688 537 singulis
1707 466 1884 530 fabulis..
1972 483 1977 488 ·

162 539 365 597 parodon
393 537 773 599 significationes
784 536 1033 582 invenimus
1065 539 1170 583 has:
1919 531 1956 552 's‘

305 608 335 654 Ι.
369 609 544 653 Altera:
578 608 722 653 forum
755 635 808 642 —-
840 610 1007 669 altera:
1056 613 1233 666 portus:
1276 610 1510 666 (Asinaria,
1543 609 1727 671 Captivi,
1762 574 1871 670 Cur—7

164 680 279 740 culio
293 677 373 735 (P),
405 679 666 736 Bacchides,
699 664 990 739 Menaechmi,
1021 666 1163 735 Miles,
1195 681 1452 737 Pseudulus,
1475 681 1740 740 PoenulusP,
1771 679 1877 726 Tri·-
1940 670 1952 685 ²

161 764 380 809 nummus,
412 738 655 805 Andriaff’)
686 749 890 806 Hecyra,
905 713 1163 805 Phormio.)

316 831 378 878 -ΙΙ,
411 833 585 877 Altera:
633 833 779 877 forum
824 855 883 861 -—
928 831 1093 876 altera:
1140 844 1215 874 rus
1263 830 1525 888 (Aulularia,
1558 833 1877 890 Truculentus,

185 879 424 960 Adelphi)·
415 937 437 958 ,
499 947 503 950 ,
608 960 610 963 ¹
857 941 860 944 .
2019 944 2022 946 ,

161 825 194 1095 ἐς
329 975 397 1020 III.
429 975 607 1022 Altera:
656 975 801 1017 forum
848 996 905 1003 —
910 941 1115 1016 altera:
1159 987 1356 1070 peregre
1402 974 1516 1030 (vel
1540 951 1670 1031 porta
1701 975 1770 1020 V.
1792 975 1882 1029 15).
1940 964 2030 1032 ’5ζῖΞὲ

188 1042 453 1102 (Epidicus).
778 1068 782 1072 »
1090 1067 1093 1069 5
1742 1067 1749 1073 κ
2010 1059 2020 1066 ·

342 1197 396 1240 V.
431 1198 610 1241 Altera:
657 1195 801 1244 forum
831 1199 900 1238 et
911 1194 1063 1250 portus
1098 1220 1150 1225 --
1185 1196 1353 1239 altera:
1385 1209 1458 1239 rus
1489 1202 1536 1240 et
1567 1211 1759 1254 peregre
1792 1195 1862 1253 (P).

230 1273 419 1323 ercator,
453 1265 746 1319 Eunuchus).

304 1334 360 1381 IV
391 1343 436 1381 et
470 1338 524 1393 V,
558 1351 658 1380 cum
691 1336 748 1411 de
777 1335 1054 1378 Mostellaria
1079 1335 1129 1377 in
1160 1335 1292 1379 dubio
1324 1336 1380 1380 sit
1412 1351 1503 1391 res,
1538 1338 1652 1412 haud
1683 1338 1774 1380 scio
1807 1352 1862 1380 an

161 1410 251 1453 sint
270 1408 577 1466 coniugenda.
906 1442 910 1443 γ
1355 1441 1357 1444 ,

303 1479 565 1535 Ubicunque
611 1479 756 1521 latera
807 1475 863 1517 ab
921 1476 1016 1531 ipso
1063 1479 1211 1532 poeta
1251 1477 1497 1520 accuratius
1545 1476 1861 1533 significantur,

161 1549 351 1594 forensis
384 1550 535 1593 aditus
565 1553 634 1591 est
666 1547 829 1589 dexter
861 1546 1179 1602 spectantibus.

303 1619 505 1677 Apparet
551 1618 684 1675 igitur
724 1615 916 1660 Pollucis
962 1620 1207 1673 praecepta
1252 1630 1279 1658 a
1316 1616 1526 1674 Niejahro
1558 1619 1757 1673 probata,
1806 1619 1861 1660 ad

186 1122 193 1126 ’
329 1126 397 1170 IV.
430 1126 624 1169 Altera:
640 1138 720 1168 rus
746 1122 813 1180 (et
840 1125 983 1168 forum
997 1121 1039 1178 P)
1073 1150 1129 1155 -—
1161 1126 1325 1168 altera:
1357 1070 1513 1182 portus
1540 1124 1864 1182 (Mostellaria).
1887 1134 1892 1139 ·
2010 1174 2028 1182 υ

161 1114 228 1323 {M

161 1705 240 1734 eas
271 1695 443 1734 tantum
474 1688 703 1747 pertinere
735 1687 1009 1742 comoedias,
1044 1688 1200 1743 quibus
1227 1687 1436 1744 undique,
1468 1701 1494 1729 a
1516 1687 1613 1729 foro
1645 1691 1690 1729 et
1717 1689 1859 1744 portu,

158 1775 262 1804 rure
294 1767 340 1806 et
361 1773 556 1820 peregre
578 1771 802 1816 personae
824 1759 1082 1813 adveniunt,
1100 1757 1275 1802 ceteris
1297 1764 1447 1802 autem
1469 1757 1672 1802 omnibus
1694 1758 1863 1803 forensi

160 1835 333 1890 parodo
351 1831 608 1887 oppositam
631 1842 734 1871 esse
753 1841 867 1882 eam,
887 1842 1080 1884 quae-ex
1098 1833 1227 1884 portu
1244 1830 1321 1879 vel
1342 1842 1445 1871 rure
1462 1829 1533 1872 vel
1549 1843 1742 1885 peregre
1760 1830 1860 1872 fert.
