2030 3125
505 733 592 807 De
643 715 937 826 hamdan
991 687 1478 830 significatione

23 915 77 955 *fs-⁷
127 862 258 952 ¹,quae
296 883 519 929 Vitruvius
557 891 603 929 et
644 886 805 931 Pollux
845 887 1139 945 praecipiunt,
1184 902 1270 944 quo
1311 887 1482 932 facilius
1520 903 1546 931 a
1583 889 1834 945 legentibus

113 995 118 999 .
141 955 435 1017 inspiciantur·
460 956 679 1013 exscripsi
711 961 828 1001 tota:

114 1027 117 1029 “
268 1026 386 1071 Vitr.
420 1027 474 1081 V,
509 1031 548 1082 6,
584 1031 631 1071 8:
695 1062 731 1071 ..
764 1043 981 1071 versurae
1006 1034 1106 1072 sunt
1139 1031 1466 1085 procurrentes,
1500 1042 1616 1084 quae
1639 1028 1833 1073 efficiunt

18 1120 57 1147 ις,
130 1084 226 1139 'una
257 1111 284 1139 a
314 1098 427 1152 foro,
461 1099 602 1141 altera
634 1113 660 1141 a
686 1113 877 1156 peregre
910 1099 1054 1143 aditus
1086 1100 1129 1143 in
1156 1109 1378 1142 scaenam
1411 1119 1468 1128 ——
1499 1098 1608 1143 Poll.
1628 1099 1701 1153 IV,
1727 1102 1830 1142 126:

123 1166 244 1220 παρ’
278 1160 455 1221 ἑκάτερα
494 1162 542 1206 δὲ
574 1168 662 1209 τῶν
684 1168 764 1210 δύο
798 1170 950 1222 θυρῶν
974 1168 1062 1209 τῶν
1099 1168 1185 1222 τερί
1214 1165 1295 1224 τὴν
1324 1161 1464 1222 μέσην
1494 1164 1605 1208 ἄλλα
1638 1165 1719 1209 δύο
1749 1162 1832 1209 εἷεν

124 1231 204 1284 ῑᾶν,
235 1237 314 1288 μία
335 1231 614 1290 ἑκατέρωθει,
647 1233 758 1294 πρὸς
778 1231 831 1288 ἃς
856 1237 935 1279 αἱ]
924 1241 1140 1294 περίακτοι
1171 1233 1516 1294 συμπεπήγασιν,
1550 1232 1574 1294 ἢ
1598 1234 1681 1290 μὲν
1711 1235 1830 1289 δεξιὰ

138 1301 192 1346 τὰ
231 1302 316 1354 ἔξω
348 1303 514 1356 πόλεως
552 1307 758 1363 δηλοῦσα,
802 1305 827 1365 ἢ
857 1305 905 1349 δὲ
936 1303 1139 1365 ἅριστερὰ
1169 1305 1224 1349 τὰ
1256 1303 1301 1349 ἷῑκ
1337 1304 1514 1358 πόλεως,
1546 1306 1737 1360 μάλιστα
1775 1306 1830 1350 τά

0 1379 36 1423 ξς’
137 1369 181 1417 ἓν.
198 1373 393 1429 λιμένος.
418 1409 426 1416 .
451 1409 458 1417 .
492 1378 579 1419 τῶν
607 1375 755 1430 μέντοι
788 1376 997 1435 παρόδων
1028 1375 1053 1435 ἡ
1083 1375 1165 1432 μὲν
1196 1374 1313 1428 δεξιὰ
1341 1372 1529 1433 ἀγρόθεν
1563 1373 1587 1433 ἢ
1609 1373 1829 1431 ἔκλιμένος

140 1441 163 1503 ἢ
186 1440 231 1488 ἐκ
252 1443 420 1499 πόλεως
439 1444 544 1507 ἆγες
570 1448 614 1490 οἶ
630 1449 679 1490 δὲ
699 1443 948 1503 ἀλλαχόθεν
969 1449 1090 1499 πεζοὶ·
1109 1444 1414 1507 ἀφικνούμενοι
1443 1444 1553 1490 κατὰ
1573 1444 1653 1497 τὴν
1675 1444 1829 1505 ἑτέραν

133 1515 324 1559 seutdom·
357 1515 625 1569 εἰσελθόντες
656 1515 706 1560 δὲ·
725 1517 835 1561 κατὰ
858 1516 937 1576 τὴν
958 1514 1202 1576 ὃρχηστραν
1228 1515 1302 1560 {ni
1333 1515 1492 1574 σκηνὺν
1523 1515 1594 1560 διὰ
1617 1517 1830 1571 κλιμάκων

124 1582 462 1643 ’ἇναβαίνουσιικ

277 1662 425 1716 Atque
456 1662 647 1705 Pollucis
680 1662 861 1717 quidem
892 1666 1029 1705 verba
1067 1665 1318 1705 manufesto
1358 1662 1473 1703 inter
1502 1676 1553 1703 se
1583 1664 1827 1717 pugnantia

136 1730 187 1775 Α.
219 1729 388 1786 Miiller,
431 1729 625 1786 (Griech.
654 1731 820 1776 Biihne.
855 1733 1031 1779 Altertt.
1065 1731 1177 1789 §135
1217 1746 1259 1789 p.
1296 1734 1376 1775 157
1408 1731 1522 1788 sqq.)
1564 1730 1627 1775 ita
1655 1732 1826 1776 concin-

135 1814 243 1843 nare
275 1806 457 1844 conatus
490 1807 571 1855 est,
603 1806 650 1845 ut
680 1803 877 1858 priorem
907 1808 1083 1858 partem
1116 1803 1172 1844 de
1199 1801 1516 1858 parascaeniis‚
1549 1803 1739 1844 alteram
1771 1805 1827 1845 de

20 1914 44 1928 V.
135 1872 314 1928 parodis
347 1871 389 1914 in
421 1873 697 1916 orchestram
728 1872 1075 1917 conducentibus
1107 1873 1193 1916 dici
1224 1871 1343 1916 velit.
1385 1871 1525 1928 Magis
1557 1873 1647 1915 iam
1678 1872 1827 1929 placet

11 1928 60 1983 {³3
122 1940 333 1997 *Niejahri
366 1943 408 2002 in
428 1944 806 1986 commentatione
828 1945 1033 2000 scaenica
1065 1942 1214 1997 (Halle
1250 1945 1374 1995 1888,
1407 1950 1449 1998 p.
1484 1944 1527 1993 4)
1560 1942 1827 1999 explicatio:

80 2062 84 2065 ς
139 2012 310 2062 „Verba
331 2014 449 2055 enim
472 2012 559 2051 τῶν
578 2009 728 2063 μέντοι
750 2009 958 2067 παρόδων
980 2007 1005 2068 ἢ
1025 2006 1107 2064 μὲν
1128 2006 1245 2059 δεξιὰ
1261 2029 1295 2051 κ.
1309 2028 1343 2051 τ.
1354 2011 1389 2051 λ.
1415 2013 1518 2069 quin
1541 2013 1598 2054 ad
1619 2027 1828 2067 scaenae,

116 2093 222 2124 finon
254 2083 311 2124 ad
343 2083 599 2126 orchestrae
631 2085 825 2139 parodos
857 2076 1095 2126 referenda
1115 2081 1216 2136 sint,
1249 2082 1463 2138 quidquid
1495 2087 1649 2125 contra
1681 2083 1830 2126 dicunt

18 2149 92 2207 {j
117 2150 217 2193 *viri
235 2151 356 2194 docti
372 2153 440 2204 (cf.
457 2152 637 2197 A‘.M1·j11.
654 2153 682 2196 1.
704 2167 743 2197 a.
761 2168 803 2209 p.
818 2156 884 2207 59,
904 2155 1004 2196 adn.
1025 2156 1067 2207 1;
1087 2151 1224 2208 p.59)‚
1242 2152 1422 2195 dubium
1440 2166 1542 2194 esse
1558 2167 1645 2196 non
1662 2158 1828 2209 potest.

34 2214 64 2279 ᾗ]
79 2216 93 2232 ”
116 2218 244 2272 *Nam
262 2221 328 2279 eis
346 2235 462 2277 quae
479 2223 770 2279 insequuntur
787 2223 938 2265 verbis
955 2217 1224 2270 εἰσελθόντες
1240 2216 1287 2260 δὲ
1305 2220 1363 2270 εἷς
1379 2218 1458 2276 τήν
1475 2215 1719 2276 ὀρχήστραν
1740 2221 1828 2265 κτλ.

134 2285 291 2346 aperte
323 2293 363 2335 ei
398 2292 473 2348 qui
504 2288 763 2337 orchestrae
796 2293 1001 2336 introitus
1032 2294 1264 2349 prodeunt,
1302 2292 1630 2347 distinguuntur
1661 2295 1715 2336 ab
1750 2293 1828 2342 eis,

134 2361 209 2416 qui
240 2364 510 2417 parodorum
540 2365 676 2407 modo
709 2366 1161 2406 commemoratarum
1195 2363 1315 2406 aditu
1346 2366 1539 2416 utuntur,
1588 2377 1697 2420 ergo
1744 2365 1830 2407 hae

2 2424 53 2460 51¹²*
119 2431 178 2472 'in
201 2444 364 2475 scaena
395 2432 599 2477 fuerint.“
622 2446 625 2448 ’
647 2434 772 2477 Idem
793 2438 1037 2491 praecepta
1062 2433 1138 2477 illa
1161 2433 1217 2475 ad
1240 2434 1513 2477 Graecorum
1545 2433 1827 2491 tragoediam

71 2493 73 2495 ’
132 2496 464 2562 antiquamque·
484 2517 601 2563 quae
632 2504 791 2548 dicitur
823 2504 1106 2547 comoediam
1137 2503 1322 2547 minime
1359 2504 1587 2559 pertinere
1631 2503 1826 2559 singulas

68 2584 72 2588 ·
132 2569 303 2615 fabulas
334 2575 635 2630 perquirendo
659 2576 959 2629 demonstrat;
992 2573 1035 2617 in
1055 2586 1225 2617 novam
1246 2578 1411 2627 autem,
1445 2574 1625 2629 qualem
1647 2573 1826 2629 quidem

133 2653 195 2683 ex
225 2640 381 2685 Plauto
414 2648 460 2686 et
491 2645 706 2689 Terentio
738 2646 959 2700 novimus,
999 2645 1280 2688 comoediam
1313 2646 1428 2687 adeo
1461 2645 1626 2686 cadere
1659 2648 1825 2699 censet,

131 2713 186 2771 ut
210 2702 536 2763 dissertationis
567 2728 686 2759 suae
719 2716 1052 2760 conclusionem
1085 2715 1218 2758 faciat
1249 2716 1361 2757 hanc
1398 2713 1460 2771 (p.
1497 2711 1584 2768 15).
1652 2713 1826 2765 „Manet

131 2779 264 2838 igitur
295 2783 444 2838 quod
446 2798 595 2845 supra
610 2787 837 2844 proposui,
871 2800 1027 2829 omnes
1060 2785 1135 2843 qui
1166 2793 1227 2828 ex
1257 2786 1367 2828 urbe
1398 2785 1476 2827 vel
1506 2798 1533 2826 a
1563 2787 1695 2840 portu
1726 2782 1825 2830 sive

66 2846 252 2908 ’ῥ’·.““όίνθε
281 2852 382 2896 sive
413 2863 618 2927 peregre
648 2858 837 2901 navibus
869 2856 1041 2914 adpulsi
1071 2855 1310 2910 venerint‚·
1340 2857 1482 2899 altera
1512 2851 1718 2910 prodisse
1749 2865 1824 2909 pa—

115 2911 257 2979 rodo,
300 2922 443 2965 altera
474 2938 567 2980 eos,
612 2927 687 2983 qui
719 2932 794 2971 aut
825 2941 925 2969 rure
957 2930 1032 2969 aut
1063 2939 1255 2983 peregre
1292 2924 1481 2981 pedibus
1513 2922 1791 2966 advenerint
1801 2924 1818 2941 “

1657 3004 1681 3042 3

2023 1807 2030 1820 ι
2027 1792 2030 1797 ,
2021 1722 2030 1780 .,.-.Λ
2018 1566 2030 1707 Ἇωῶωᾈ-Αι
2020 1474 2030 1548 ..ὸ-,και
2022 1417 2030 1441 ..Ἀ
2028 1368 2030 1371 .
2027 1328 2030 1357 u.
2024 1293 2030 1300 .
2019 1223 2030 1275 „nx-
2023 1147 2030 1207 ...nu
2025 1115 2030 1124 -
2024 1097 2030 1101 n
2021 1029 2030 1085 ἰι-ιι
