2030 3125
86 799 99 804 ⁴
303 751 520 800 Veterum
542 764 613 793 res
636 749 843 793 scaenica
865 763 891 791 a
911 747 1151 805 superioris
1184 762 1272 791 aev
1276 748 1290 791 i
1309 747 1557 792 hominibus
1583 748 1860 805 antiquarum

111 849 138 895 ,²
131 822 410 868 litterarum
448 819 657 863 studiosis
688 821 911 896 neglecta,
965 818 1070 862 inde
1118 821 1169 873 ab
1212 818 1265 863 G.
1298 817 1544 863 Herrnanni
1585 818 1859 875 temporibus

123 903 330 937 maiore
352 890 585 947 diligentia
607 888 802 946 perquiri
824 892 997 945 coepta,
1031 902 1245 932 summum
1267 889 1354 933 iam
1378 890 1613 933 doctorum
1634 889 1858 933 hominum

115 952 349 1018 'ffffstudium
381 960 423 1004 in
456 974 507 1002 se
539 961 758 1003 convertit
789 963 894 1015 tum,
930 972 1027 1003 curn
1058 959 1311 1002 recentiore
1344 961 1497 1001 aetate
1529 959 1858 1015 Doerpfeldius,

105 1056 144 1069 »
92 1030 411 1089 Epldaurici
437 1029 633 1085 inprimis
656 1029 819 1073 theatri
849 1028 1080 1086 parietinis
1113 1027 1158 1070 in
1179 1029 1323 1072 lucem
1353 1028 1587 1084 protractis
1631 1029 1859 1083 adductus,

74 1099 127 1146 {¹
132 1101 441 1157 antiquorum
483 1099 760 1155 scriptorum,
808 1100 1003 1143 maxime
1046 1097 1218 1142 Vitruvi
1260 1103 1305 1141 et
1348 1098 1549 1153 Pollucis,
1597 1101 1654 1142 de
1696 1112 1858 1142 scaena

67 1163 458 1226 ·'³2}*-'‘'J,construenda
489 1169 758 1226 praeceptis,
799 1169 949 1226 quibus
980 1168 1153 1226 priores
1184 1168 1246 1212 illi
1278 1168 1454 1225 quidem
1496 1183 1544 1212 se
1578 1168 1857 1223 addixerant,

68 1229 342 1301 ‡·{{·''reiectis
366 1241 640 1284 Graecorum
661 1242 837 1283 theatro
858 1239 1072 1296 pulpitum
1105 1240 1281 1283 omnino
1313 1254 1399 1282 non
1423 1240 1572 1294 fuisse,
1611 1245 1656 1283 et
1678 1241 1858 1284 chorum

147 1316 209 1367 ret
240 1311 479 1353 histriones
511 1311 554 1353 in
588 1311 817 1352 orchestra
849 1314 952 1352 ante
987 1303 1305 1363 ‚afinoomjmov“
1341 1310 1491 1365 egisse
1521 1311 1689 1354 statuit.
1733 1311 1857 1361 Quod

162 1396 260 1424 cum
300 1395 388 1422 non
420 1381 548 1422 nullis
590 1381 851 1435 probaretur
892 1378 959 1428 (ut
991 1379 1212 1423 Kawerau
1249 1378 1291 1421 in
1333 1378 1484 1423 Baum.
1527 1380 1717 1424 Denkm.
1749 1395 1783 1424 5.
1816 1396 1857 1425 v.

160 1448 598 1505 Theatergeb‘aude),
631 1464 719 1492 non
751 1455 902 1493 tamen
935 1452 1133 1504 deerant,
1173 1450 1246 1505 qui
1276 1449 1387 1492 mira
1421 1450 1496 1493 illa
1527 1450 1644 1493 inter
1676 1449 1855 1505 Vitruvi,

160 1521 278 1579 haud
289 1520 410 1562 indili
416 1520 564 1575 gentis
577 1520 753 1575 quidem
766 1519 1007 1575 scriptoris,
1019 1523 1261 1574 praecepta
1272 1522 1317 1560 et
1327 1518 1589 1574 Doerpfeldi
1601 1519 1858 1575 opinionem
2016 1518 2030 1555 ⁸³·

160 1589 456 1647 repugnantia
502 1589 710 1632 commoti
757 1597 963 1633 auctores
1005 1591 1166 1633 fierent
1197 1588 1414 1632 redeundi
1446 1591 1502 1632 ad
1535 1603 1602 1645 ea,
1654 1603 1768 1646 quae
1799 1591 1857 1633 de

65 1659 367 1719 ,gffscaenica
397 1673 446 1701 re
477 1673 558 1701 nos
591 1662 756 1702 docent
787 1661 870 1716 ipsi
901 1665 946 1702 et
980 1659 1136 1715 tragici
1168 1663 1213 1701 et
1236 1658 1393 1701 comici
1423 1664 1599 1714 poetae,
1634 1660 1856 1715 incorrup-

160 1728 318 1773 tissimi
358 1743 466 1771 sane
513 1730 637 1773 huius
676 1732 742 1774 rei
782 1735 938 1773 testes.
1001 1730 1148 1786 Atqu-e
1193 1728 1330 1785 quinti
1380 1729 1559 1785 quidem
1599 1744 1638 1773 a.
1678 1728 1778 1772 Chr.
1815 1744 1858 1774 n.

160 1799 328 1843 saeculi
369 1801 544 1843 fabulae
589 1814 684 1842 cum
726 1802 780 1843 ab
813 1799 909 1843 aliis
943 1800 1210 1856 exploratae
1241 1804 1341 1841 sunt
1383 1803 1474 1841 tum
1518 1800 1858 1856 diligentissime

160 1870 215 1914 ab
237 1868 290 1915 A.
305 1869 552 1913 Muellero
541 1883 586 1912 1n
605 1882 660 1912 eo
678 1870 787 1913 libro
804 1869 877 1927 qui
893 1869 1167 1913 inscribitur:
1202 1870 1433 1911 Lehrbuch
1451 1870 1531 1910 der
1547 1869 1859 1926 griechischen

144 1935 608 1984 ,ΒιιΙιιιθιιαΠθΓῖίιιῃθῐ
656 1943 701 1982 et
745 1941 798 1983 ab
839 1942 886 1984 Ε.
920 1939 1246 1982 Bodensteiner
1294 1938 1336 1979 in
1381 1939 1649 1993 „Szenische
1680 1942 1859 1995 Fragen

72 2008 120 2071 'gf
160 2010 269 2054 iiber
292 2010 379 2052 den
406 2010 484 2054 Ort
517 2011 595 2054 des
619 2009 877 2054 Auftretens
910 2011 997 2052 und
1020 2010 1260 2066 Abgehens
1292 2023 1379 2052 von
1402 2009 1741 2066 Schauspielern
1772 2011 1859 2053 und

162 2078 279 2123 Chor
310 2079 369 2122 im
405 2080 714 2136 griechischen
736 2079 926 2123 Drama“
933 2080 1291 2135 ‚dissertatione
1314 2080 1581 2124 Monacensi.
1636 2080 1862 2137 Epidaurii

154 2153 310 2193 autem
341 2150 518 2201 theatri,
561 2152 678 2207 quod
710 2156 912 2195 extremo
945 2152 1125 2194 saeculo
1159 2154 1314 2207 quarto
1357 2164 1383 2191 a
1415 2151 1649 2207 Polycleto
1687 2152 1860 2195 minore

162 2222 410 2263 extructum
453 2220 668 2266 Christius
711 2223 844 2265 docet
886 2220 1134 2277 (Sitz.-Ber.
1171 2223 1296 2275 1894,
1330 2221 1344 2263 I
1377 2234 1418 2277 p.
1454 2223 1508 2262 25
1539 2219 1672 2278 sqq.),
1720 2221 1861 2278 qualis

161 2292 263 2333 tunc
294 2290 426 2334 fuerit
468 2291 683 2346 condicio,
730 2291 925 2348 perspici
965 2306 1056 2335 non
1093 2295 1243 2349 potest
1284 2290 1367 2334 nisi
1410 2291 1661 2335 comoediis
1700 2292 1862 2335 eadem

161 2360 259 2404 fere
291 2363 439 2404 aetate
471 2360 603 2405 editis
637 2374 663 2403 a
683 2362 937 2416 Menandro,
986 2361 1163 2419 Diphilo
1196 2361 1380 2417 aliisque
1420 2374 1566 2404 novae
1600 2362 1862 2404 comoediae

84 2436 139 2490 ·ξῇ
161 2430 323 2487 poetis,
357 2443 472 2487 quae
495 2429 672 2487 quidem
705 2435 902 2476 aetatem
936 2433 1128 2476 tulerunt
1160 2444 1185 2473 a
1206 2431 1362 2475 Plauto
1397 2436 1443 2475 et
1464 2431 1681 2474 Terentio
1703 2431 1862 2475 Latino

161 2512 368 2544 sermone
401 2514 659 2557 expressae.
724 2502 878 2559 Neque
921 2503 1038 2546 enirn
1073 2503 1239 2557 dubito,
1281 2501 1382 2559 quin
1415 2516 1529 2559 quae
1576 2503 1681 2545 inde
1725 2503 1781 2544 de
1811 2515 1862 2545 re

92 2569 368 2626 ··4scaenica
400 2575 644 2627 appareant
676 2596 733 2602 —
765 2572 970 2630 exceptis
1015 2572 1184 2618 scilicet
1224 2572 1424 2630 prologis
1456 2597 1513 2602 —-
1544 2574 1601 2617 ad
1635 2572 1780 2630 quarti
1818 2578 1864 2617 et

98 2633 283 2698 {ff-tertii
313 2641 475 2684 saeculi
507 2655 717 2686 scaenam
742 2642 962 2687 Graecam
994 2643 1153 2687 referri
1184 2643 1332 2697 liceat,
1366 2644 1633 2699 praesertim
1655 2657 1753 2686 cum
1774 2643 1860 2686 Ro-

106 2708 315 2756 {manos
336 2715 495 2767 poetas
519 2711 791 2757 Graecorum
824 2715 1145 2770 exemplarium
1167 2713 1357 2770 vestigia
1390 2713 1613 2757 artissime
1644 2715 1863 2769 pressisse

110 2765 152 2813 '3³⁷
118 2779 272 2827 satis
304 2783 655 2825 demonstratum
687 2783 910 2839 videatur3
944 2786 997 2829 cf.
1031 2782 1134 2826 Max
1156 2783 1364 2827 Schuster
1412 2784 1440 2829 l.
1462 2785 1489 2829 l.
1537 2785 1691 2828 Adhuc
1713 2787 1863 2828 autem

136 2850 235 2896 ·ςιιιί
253 2854 311 2896 de
334 2853 472 2897 Plauti
498 2852 568 2897 vel
591 2853 774 2899 Terenti
796 2858 892 2898 arte
915 2854 1120 2898 scaenica
1151 2860 1352 2911 egerunt,
1370 2817 1524 2898 Ἧιιῖ
1526 2853 1724 2898 Hahnius
1748 2853 1795 2909 (l.
1814 2852 1863 2908 1.)
