2030 3125
762 6 766 13 ’·
1511 3 1514 6 ’
1560 0 1584 16 ²²⁴
1592 0 1638 29 ἧχι,
1657 19 1659 21 .

161 35 217 75 2⁰
244 64 250 69 ·
1685 37 1812 110 ²:2³2

160 148 325 191 artibus
359 146 592 203 expoliat?
640 147 751 189 Nam
782 147 866 189 hoc
898 145 971 202 qui
1000 147 1151 201 sciam,
1184 162 1241 190 ne
1272 148 1368 205 quis
1401 147 1445 189 id
1478 151 1665 204 quaerat
1696 142 1759 191 ex

160 217 376 261 Domist
412 217 484 273 qui
521 215 628 259 facit
659 220 754 258 tam
794 214 998 271 improbe
1041 219 1159 261 facta
1197 222 1369 261 amator
1401 217 1482 269 Qui
1523 218 1640 260 bona
1669 231 1749 261 sua
1779 222 1809 275 p

160 291 362 329 stercore
403 287 523 328 foras
562 284 682 326 iubet
715 283 894 328 ecferri!
940 284 1008 337 (cf.
1044 289 1163 340 581);
1206 291 1252 328 at
1295 300 1470 330 servum
1507 287 1591 330 hoc
1631 287 1729 329 loco
1761 297 1871 333 cumss-

159 355 391 412 opsonium
434 358 643 410 apportet
685 352 758 403 (cf.
794 355 878 396 556
921 353 1039 411 sqq.)
1083 355 1252 398 forensi
1292 358 1463 413 parodo
1507 355 1664 413 egredi
1706 357 1879 416 decetfi
1906 351 1927 416 ‘3
1951 390 1955 392 -
1980 384 1997 406 7

159 431 291 483 atque
340 423 379 467 si
425 438 486 466 ex
526 437 720 466 scaenae
774 437 993 480 quaquam
1038 425 1240 482 prodiret
1285 425 1433 482 ianua,
1480 432 1618 483 poeta
1661 425 1704 469 id
1761 423 1860 473 aliis

159 496 306 540 verbis
347 494 642 551 significasset
683 499 818 550 atque
858 508 902 536 v.
953 497 1056 539 544:
1112 495 1215 547 Quis
1259 496 1296 538 is
1337 499 1471 540 homo
1513 502 1614 550 est„
1639 496 1713 553 qui
1743 497 1872 541 ducit‘

159 570 327 610 tantam
358 566 599 622 pompam?
639 588 693 592 —-
733 563 920 607 Accedit
952 566 1069 620 quod
1104 565 1361 610 Diniarchus
1394 581 1420 609 a
1452 580 1583 610 servo
1616 591 1673 596 —
1704 582 1743 612 v.
1776 569 1858 610 621
1942 554 1945 557 μ
1980 556 1985 559 ’

159 639 216 679 de
253 649 419 678 scaena
460 634 663 690 digresso
706 656 763 662 —
803 635 921 675 dona
952 634 1149 689 benigne
1189 643 1376 692 accepta
1416 650 1518 679 esse
1557 638 1724 690 doctus,
1764 650 1862 680 cum

160 705 360 762 „laetitia
391 702 651 747 differatur“
685 701 825 757 (691),
861 708 1013 746 tamen
1038 718 1075 747 v.
1102 708 1183 746 691
1209 707 1385 749 demum
1409 705 1573 762 prodit3
1607 708 1723 763 quod
1746 710 1858 749 tem-

158 775 279 833 poris
310 774 502 831 spatium
541 773 841 826 (intercedunt
873 774 1305 831 duodeseptuaginta
1335 775 1520 835 versus).
1551 776 1587 818 si
1626 775 1667 818 in
1699 776 1862 834 scaena

158 848 233 892 ille
264 845 503 897 habitaret,
551 842 733 885 nimium
764 845 902 895 esset,
950 848 996 885 ut
1029 857 1185 887 amore
1217 851 1362 889 motus
1392 850 1616 903 properat.
1667 846 1757 890 Iam
1788 859 1861 889 ne-

158 931 243 974 que
274 917 536 960 adulescens
568 926 716 969 neque
749 926 902 955 servus
935 913 1022 956 ullo
1055 916 1154 957 loco
1189 929 1214 957 e
1247 930 1409 959 scaena
1431 915 1642 974 progredi
1664 916 1735 959 vel
1759 915 1861 961 illuc

157 986 307 1031 redire
340 986 540 1029 dicuntur
588 982 673 1025 nisi
705 996 731 1024 e
762 982 1011 1025 meretricis
1044 985 1201 1042 dom03
1242 987 1295 1029 cf.
1332 990 1435 1044 444;
1481 990 1583 1043 5443
1623 988 1721 1040 621,
1761 988 1859 1041 689,

160 1059 259 1101 874.
309 1059 454 1108 Quare
489 1054 583 1096 eius
616 1054 791 1095 domum
824 1052 866 1094 in
899 1066 1062 1096 scaena
1093 1054 1227 1098 sitam
1250 1070 1353 1100 esse
1375 1057 1499 1101 nobis
1524 1071 1611 1099 non
1634 1058 1860 1113 probatur.
1898 1064 1902 1067 *

300 1125 546 1171 Invenimus
580 1123 711 1180 igitur
741 1137 935 1166 scaenae
968 1138 1139 1180 genera
1177 1128 1307 1171 haec:

380 1198 409 1241 Ι.
443 1196 653 1251 Singulae
685 1195 864 1237 domus:
898 1195 1174 1250 Amphitruo,
1208 1196 1392 1253 Captivi.

359 1266 407 1309 ΙΙ.
442 1266 576 1310 binae
610 1266 786 1307 domus:

513 1335 552 1389 a)
587 1338 740 1378 domus
788 1333 1009 1389 privatae:
1065 1334 1291 1391 Asinaria,
1341 1337 1522 1391 Casina,
1576 1337 1860 1392 Mostellaria,

584 1402 880 1457 Menaechmi,
931 1403 1076 1457 Miles,
1128 1407 1283 1460 Persa,
1345 1407 1581 1461 Mercator,
1630 1409 1861 1462 Poenulus,

585 1474 874 1517 Truculentus
896 1475 964 1529 (?);
999 1498 1055 1503 —
1089 1475 1269 1531 Andria,
1304 1477 1505 1534 Adelphi.

511 1546 552 1594 b)
586 1547 740 1586 domus
774 1543 950 1599 privata
984 1548 1029 1586 et
1062 1546 1228 1589 fanum:
1265 1549 1456 1592 [tudens.

339 1616 406 1661 III.
440 1616 620 1659 Ternae
653 1614 829 1657 domus:

513 1684 552 1737 a)
585 1686 741 1726 domus
783 1683 1007 1738 privatae:
1039 1675 1317 1741 Bacchides,
1359 1690 1615 1741 Pseudulus,
1660 1687 1856 1742 Stichus3

583 1751 787 1809 Epidicus
806 1754 867 1806 (Ρ),
902 1753 1263 1811 Trinummus(?);
1296 1782 1351 1785 —
1373 1757 1564 1814 Hecyra,
1597 1756 1855 1801 Heautonti—

581 1836 883 1876 morumenos;
918 1823 1163 1878 Eunuchus,
1190 1827 1420 1882 >Phormi03
1459 1852 1515 1856 --

507 1893 549 1948 b)
583 1895 736 1937 domus
768 1891 969 1947 privatae
1003 1898 1048 1936 et
1080 1896 1250 1940 fanum:
1285 1896 1521 1951 Aulalaria,
1555 1896 1766 1942 Curculio.

294 1967 401 2010 Cum
426 1961 739 2020 Aristophanis
772 1962 1016 2005 comoediis
1050 1965 1088 2006 si
1119 1967 1232 2008 haec
1264 1967 1543 2021 conferimus,
1577 1967 1685 2009 nihil
1717 1968 1855 2010 senti-

152 2052 249 2080 mus
292 2051 396 2080 esse
438 2032 722 2086 discriminis;
762 2030 847 2074 illis
881 2032 998 2075 enim
1037 2050 1211 2092 quoque
1252 2036 1467 2093 singulae,
1508 2037 1653 2092 binae,
1696 2041 1858 2080 ternae

151 2131 209 2137 —
239 2121 330 2150 non
362 2107 461 2163 plus
492 2129 548 2134 —
580 2110 845 2161 usurpantur
876 2109 1029 2151 aedes.
1082 2106 1310 2163 Epidaurii
1347 2110 1494 2151 autern
1526 2108 1689 2151 theatri
1736 2107 1857 2150 illum

150 2178 371 2233 parietem
405 2190 492 2218 una
524 2179 655 2230 porta
688 2181 891 2220 ornatum
932 2177 1187 2233 proscaenii
1218 2177 1319 2218 vice
1359 2176 1483 2232 fungi
1522 2191 1612 2219 non
1651 2177 1852 2233 potuisse

151 2248 380 2291 domorum
415 2246 489 2288 illa
522 2250 569 2288 et
602 2246 775 2289 numeri
807 2251 853 2290 et
894 2247 1077 2304 generis
1110 2246 1335 2289 varietate
1375 2246 1648 2303 intelligitur.
1680 2247 1857 2304 -Itaque

150 2319 375 2374 complura
419 2318 578 2359 aulaea
616 2317 736 2372 picta
769 2313 1198 2371 (παραπετάσματα)
1232 2330 1341 2372 opus
1389 2321 1534 2371 erant,
1585 2332 1700 2373 quae
1747 2321 1857 2359 ante

148 2386 369 2443 parietem
399 2386 517 2428 inter
545 2385 839 2443 parascaenia
861 2386 1200 2429 collocarentur.
1250 2385 1360 2428 Nam
1390 2385 1427 2427 si
1448 2385 1542 2442 quis
1565 2401 1626 2429 ex
1647 2387 1856 2429 versibus

148 2456 273 2500 huius
313 2456 436 2500 modi
482 2456 618 2512 (Men.
654 2457 749 2505 72):
803 2455 952 2507 „Haec
993 2471 1098 2514 urps
1139 2455 1412 2512 Epidamnus
1455 2460 1544 2511 est,
1593 2459 1696 2499 dum
1740 2458 1854 2500 haec

147 2527 293 2584 agitur
335 2528 506 2583 fabula;
550 2527 737 2576 Quando
780 2527 867 2570 alia
907 2531 1080 2584 agetur,
1125 2525 1244 2568 aliud
1285 2525 1365 2568 fiet
1405 2526 1640 2583 oppidum“
1688 2526 1855 2569 efficiat
1933 2560 1936 2562 v
2010 2549 2017 2586 s

146 2611 358 2640 scaenam
391 2611 572 2652 semper
616 2599 809 2640 eandem
849 2598 998 2647 fuisse,
1041 2601 1089 2639 ut
1130 2596 1217 2638 alia
1260 2597 1528 2649 omittamus,
1572 2597 1782 2638 Rudente
1813 2595 1856 2638 is.
2010 2587 2027 2644 ’ς

144 2667 375 2712 refellitur.
431 2666 568 2710 Immo
602 2666 719 2710 inter
751 2668 954 2725 agendas
987 2667 1159 2711 fabulas
1193 2665 1439 2710 ornationis
1472 2665 1671 2725 speciem
1693 2663 1858 2710 mutari
1901 2666 1944 2717 j
1997 2677 2009 2720 j

143 2738 345 2792 potuisse
379 2738 704 2779 contendimus.
735 2737 832 2779 Hoc
865 2738 1100 2779 Reischius
1134 2737 1312 2792 quidem
1344 2741 1483 2792 negat
1517 2738 1557 2790 (1.
1591 2752 1629 2778 a.
1662 2751 1705 2792 p.
1729 2736 1858 2796 213);ι

148 2807 233 2860 „Es
266 2806 323 2850 ist
354 2806 522 2864 gewiss
554 2806 663 2850 kein
686 2807 838 2863 Zufall,
875 2808 978 2851 dass
1010 2807 1090 2852 wir
1122 2821 1202 2850 nur
1234 2805 1277 2850 in
1307 2810 1331 2849 2
1356 2807 1550 2852 Dramen
1575 2807 1655 2850 der
1675 2805 1851 2849 ‘alteren
1879 2839 1902 2853 .

142 2877 349 2931 Periode,
388 2878 499 2919 aber
531 2877 575 2919 in
608 2877 793 2919 keinem
817 2878 983 2920 Stiicke
1016 2882 1221 2934 sp'aterer
1242 2877 1339 2920 Zeit
1372 2877 1505 2919 einen
1529 2875 1740 2918 Wechsel
