2030 3125
62 147 145 209 ':‘³->‘}¹''
174 177 222 218 et
242 173 460 219 Roericht
491 173 538 230 (l.
561 171 611 229 1.)
644 188 669 217 a
691 173 926 217 Romanae
948 186 1155 228 scaenae,
1190 173 1330 230 qualis
1347 177 1449 218 tunc
1461 180 1583 231 erat,
1616 190 1640 220 0

172 243 364 302 profecti
393 244 531 288 libros
552 258 655 287 suos
689 247 1047 301 composuerunt.
1112 244 1259 296 Quare
1280 244 1397 288 haud
1421 245 1615 290 alienum
1645 245 1792 293 visum

171 316 299 359 huius
331 316 512 371 generis
543 316 666 357 locos
713 327 773 357 ex
803 313 1046 358 comoediis
1087 315 1247 358 iterum
1278 315 1496 371 colligere
1538 320 1584 359 et
1614 303 1780 369 retract

172 386 332 428 Totam
363 389 512 427 autem
557 386 670 428 hanc
711 384 1020 441 quaestionem
1060 383 1270 440 amplecti
1311 399 1430 428 cum
1440 398 1524 428 nec
1556 390 1760 444 tempore
1840 436 1841 440 ¹

171 454 316 512 spatio
348 453 474 498 nobis
517 454 665 511 liceat,
714 455 896 512 reliquis
943 455 986 497 in
1019 455 1314 512 appendicem
1354 454 1535 499 reiectis
1581 457 1681 500 huic
1722 440 1929 505 libello

171 524 384 579 additam,
416 529 653 582 postquam
685 525 730 568 in
752 525 1008 569 universum
1041 525 1261 582 quaedam
1293 526 1351 569 de
1382 525 1466 570 hoc
1498 526 1674 571 theatro
1708 513 1903 575 dixerizi*
1899 528 1933 588 ,ς’

170 611 279 652 mus,
313 595 662 652 disputabimus·
1893 595 1936 623 ’ς

455 667 511 710 de
545 679 737 720 scaena;

454 737 510 778 de
543 735 843 792 parascaeniis
877 740 923 779 et
955 736 1148 792 pulpito;

453 808 510 849 de
543 807 746 863 parodon
778 806 1118 863 significatione.
1916 860 1956 866 ,ς

311 878 558 919 Theatrum
600 876 810 933 Epidauri
852 891 877 919 a
919 877 1150 933 Polycleto
1190 876 1360 918 minore
1403 877 1481 919 sub
1524 875 1661 919 finem
1702 868 1949 931 saecuh

169 961 208 991 a.
243 947 341 993 Chr.
375 961 418 993 n.
452 947 597 1003 quarti
628 949 880 991 extructum
900 946 1246 1003 pulcherrimum
1270 946 1355 990 illis
1379 947 1649 1003 temporibus
1681 946 1868 991 clarissi

166 1031 376 1074 mumque
422 1015 642 1061 Pausania
686 1019 869 1060 auctore
911 1015 980 1071 (II,
1025 1019 1095 1060 27.
1136 1014 1178 1072 5)
1225 1021 1401 1061 constat
1447 1016 1597 1061 fuisse.
1659 1016 1871 1062 Eiusdem
1909 1009 1963 1056 -Τ

167 1087 331 1130 aetatis
364 1102 424 1130 ex
456 1089 729 1131 Graecorum
772 1086 1017 1130 comoediis
1050 1087 1091 1130 in
1115 1086 1321 1131 Latinum
1344 1102 1601 1131 sermonem
1624 1086 1870 1131 vertendas

166 1156 344 1200 Plautus
366 1162 412 1200 et
440 1156 678 1200 Terentius
711 1156 814 1212 quin
837 1171 915 1199 eas
946 1157 1182 1213 elegerint,
1217 1158 1290 1213 qui
1322 1157 1601 1214 perfectione
1633 1154 1868 1200 absolutio·
1920 1206 1955 1222 ς

165 1241 312 1283 neque
354 1228 556 1271 omnibus
594 1231 749 1270 essent
792 1230 1018 1282 acceptae,
1064 1227 1244 1270 dubium
1285 1243 1373 1271 non
1421 1233 1504 1271 est.
1567 1228 1675 1271 Cum
1718 1229 1869 1269 autem

165 1296 360 1340 cuiusvis
419 1297 581 1341 theatri
645 1297 822 1352 species
873 1296 1114 1352 praecipue
1177 1297 1335 1342 tabulis
1386 1299 1550 1354 populo
1603 1295 1868 1352 gratissimis
1905 1292 1969 1357 f?

164 1366 420 1411 necessario
466 1366 717 1421 conveniat,
765 1366 1051 1422 Epidauriam
1104 1369 1159 1411 ad
1218 1369 1413 1412 Graecas
1464 1367 1561 1411 illas
1612 1366 1867 1410 comoedias
1930 1361 1971 1421 vfs

164 1438 333 1480 dandas
386 1436 594 1480 idoneam
647 1441 825 1491 oportet
877 1435 1028 1480 fuisse.
1114 1437 1281 1486 Quodsi
1337 1437 1652 1493 Doerpseldius
1710 1438 1867 1479 censet

165 1521 280 1562 eum,
314 1506 434 1551 cuius
467 1512 571 1551 ante
603 1507 745 1563 ipsam
778 1521 988 1549 scaenam
1021 1511 1180 1551 extant
1212 1508 1504 1552 fundamenta
1536 1506 1711 1562 aliaque
1748 1506 1862 1562 frag-
1914 1514 1979 1566 523

163 1582 328 1634 menta,
362 1577 584 1634 parietem
606 1591 696 1619 non
723 1571 1001 1632 ὖποσκήνιον,
1033 1579 1115 1620 sed
1148 1573 1412 1632 προσκήνιον
1444 1576 1592 1630 fuisse,
1625 1575 1865 1632 quaeritur,
1929 1626 1976 1635 „

162 1652 307 1690 utrum
341 1648 485 1690 Plauti
525 1652 571 1689 et
609 1648 795 1689 Terenti
830 1647 1004 1690 fabulae
1043 1652 1148 1689 ante
1180 1648 1285 1690 illud
1326 1643 1588 1701 προσκήνιον
1629 1646 1703 1702 agi
1742 1650 1864 1702 potu·

160 1719 277 1761 erint
315 1732 474 1761 necne.
538 1720 632 1762 Hoc
674 1722 824 1760 autem
868 1717 1098 1762 diiudicari
1135 1732 1220 1760 non
1264 1723 1412 1773 potest
1459 1716 1541 1760 nisi
1584 1731 1689 1760 vera
1727 1720 1862 1773 atque
1926 1711 1971 1749 έῑ·

159 1792 366 1831 accurata
399 1789 494 1832 eius
528 1788 725 1845 imagine
756 1792 906 1832 mente
949 1793 1180 1844 concepta.
1229 1789 1274 1833 In
1316 1788 1428 1831 libro
1469 1786 1600 1843 igitur
1633 1788 1690 1830 de
1723 1786 1860 1830 Grae·
1918 1784 1964 1800 ”

160 1870 310 1901 corum
362 1858 540 1902 theatro
593 1872 733 1914 nuper
785 1857 829 1901 in
890 1859 1034 1903 lucem
1087 1858 1209 1902 edito
1263 1856 1575 1914 Doerpfeldius
1625 1861 1863 1914 postquam

158 1925 440 1972 altitudinem
472 1925 677 1971 undecim
710 1928 875 1985 pedum
898 1927 1031 1973 fuisse
1065 1927 1278 1984 (eandem
1306 1927 1526 1982 videlicet,
1561 1940 1693 1983 quam
1715 1926 1861 1971 Vitru-

156 1997 253 2042 vius
285 1998 424 2041 refert
471 1998 786 2054 hyposcaenii)
833 1999 970 2043 ruinis
1011 1998 1279 2055 quibusdam
1322 1997 1487 2052 effecit,
1527 1997 1724 2054 singulas
1767 1997 1879 2043 eius.
1914 1998 1959 2052 7J·

155 2070 309 2125 partes
357 2068 570 2112 describit
618 2067 686 2111 his
734 2069 905 2113 verbis:
956 2071 1074 2124 „Das
1123 2068 1396 2126 eigentliche
1442 2067 1731 2124 Proskenion,
1780 2069 1861 2112 der

155 2137 354 2182 mittlere
400 2138 502 2183 Teil
549 2139 630 2182 der
676 2138 985 2195 S‘aulenwand,
1034 2140 1091 2184 ist
1134 2141 1263 2194 22,6Ο
1297 2152 1342 2182 m
1387 2138 1493 2195 lang
1539 2139 1624 2182 und
1672 2139 1859 2184 enthielt
1892 2132 1919 2143 ”

157 2211 209 2252 12
242 2208 376 2254 Halb-
411 2210 499 2253 und
532 2213 557 2251 2
591 2208 1005 2265 Einviertels'aulen,
1049 2211 1187 2253 deren
1221 2208 1432 2253 Axweite
1478 2211 1573 2264 1,74
1607 2223 1651 2252 m
1682 2211 1855 2267 betrug.

152 2278 411 2337 Eingesasst
443 2281 595 2324 wurde
629 2294 679 2323 es
712 2295 795 2325 von
818 2280 927 2324 zwei
965 2283 1061 2335 1‚00
1083 2295 1130 2324 m
1160 2280 1549 2337 vorspringenden
1582 2282 1668 2324 und
1692 2282 1790 2335 2,57
1812 2295 1857 2325 m
1897 2276 1936 2332 ”f

152 2350 328 2393 breiten
360 2349 679 2405 Paraskenien‚
729 2351 802 2392 die
845 2351 924 2393 mit
958 2351 1003 2407 je
1037 2354 1061 2392 2
1095 2350 1527 2394 Dreiviertels‘aulen
1561 2354 1858 2408 ausgestattet

152 2434 314 2464 waren.
377 2421 448 2462 An
482 2420 555 2462 die
589 2420 895 2463 Paraskenien
929 2422 1176 2464 schliessen
1207 2420 1300 2463 sich
1334 2421 1462 2475 noch,
1500 2421 1670 2464 wieder
1699 2421 1767 2465 bis
1798 2415 1943 2468 an

151 2490 225 2534 die
258 2491 411 2535 Flucht
444 2493 525 2534 des
572 2491 875 2534 Proskenions
914 2491 1336 2548 zuriickspringendy
1375 2489 1510 2533 kurze
1542 2486 1935 2545 Manerstuekess

150 2574 222 2615 an,
255 2561 427 2604 welche
454 2562 501 2618 je
524 2563 627 2605 eine
659 2575 751 2604 von
776 2564 801 2603 2
823 2561 1045 2605 Pilastern
1079 2561 1359 2618 eingefasste
1381 2560 1529 2602 Thiire
1560 2561 1853 2605 enthielten.“

151 2629 214 2687 (p.
250 2629 368 2685 125.)
430 2633 550 2688 „Das
582 2631 860 2675 Proskenion
908 2633 1033 2675 hatte
1076 2632 1121 2674 in
1165 2631 1315 2675 seiner
1361 2632 1471 2675 iiber
1514 2635 1567 2673 22
1601 2646 1644 2675 m
1686 2629 1933 2693 langen-jes

148 2699 283 2745 Front
307 2702 589 2758 gewohnlich
611 2716 694 2745 nur
716 2702 819 2747 eine
838 2700 1012 2758 einzige
1029 2702 1195 2757 Thiire‚
1220 2701 1322 2747 weil
1344 2715 1426 2745 nur
1446 2702 1489 2747 in
1507 2704 1588 2747 der
1603 2703 1852 2748 mittelsten

149 2770 498 2830 Saulenoffnung
528 2773 639 2818 zwei
662 2771 986 2830 Zapfenlocher
1003 2773 1130 2817 einer
1152 2772 1459 2830 Doppelthiire
1492 2774 1723 2820 enthalten
1754 2768 1921 2832 sind-‘13‘-

146 2843 235 2886 und
257 2844 519 2887 ausserdem
539 2842 613 2887 die
636 2843 857 2889 Schwelle
880 2844 981 2887 dort
997 2843 1124 2887 stark
1146 2843 1413 2901 abgetreten
1437 2843 1537 2891 ist.“
1571 2843 1633 2902 (p.
1654 2842 1773 2900 125.)
1796 2847 1910 2905 -ςῇ

148 2911 277 2969 „Wie
308 2914 383 2958 die
431 2913 474 2958 in
509 2915 590 2958 der
622 2913 748 2958 Mitte
779 2916 859 2958 des
891 2913 1191 2958 Proskenions
1233 2913 1445 2972 liegende
1478 2914 1627 2960 Thiire
1664 2913 1723 2959 im
1752 2913 1918 2980 1319ng

1797 3016 1805 3022 .
1818 3009 1829 3016 2
1840 3002 1888 3047 mr

1827 3070 1830 3076 ,
1836 3049 1869 3076 .':*.¹
1884 3046 1886 3048 ¹
