2030 3125
123 161 217 232 2253}
244 220 246 222 ,
278 173 498 232 rgrundes
529 168 817 212 nachweisen
848 168 1077 211 konnen.
1100 170 1231 211 Denn
1264 170 1367 211 dass
1401 169 1466 211 fiir
1489 170 1562 212 die
1584 170 1837 213 Κοηιόᾰίθῐι

127 229 283 294 ξ“ἶἸ“[)εῐ
323 243 437 296 dort,
479 254 550 285 wo
594 237 668 281 ein
701 238 1005 283 Ortswechsel
1045 239 1090 281 in
1130 240 1211 282 der
1240 238 1464 295 Dichtung
1495 244 1838 297 vorausgesetzt

103 302 218 368 ff,
266 312 381 355 doch
422 310 503 351 das
541 307 821 350 Proskenion
863 309 1171 350 unver'andert
1218 307 1376 362 bleibt,
1422 308 1532 351 wird
1578 309 1658 351 mit
1697 311 1838 353 Recht

87 377 454 442 gegenwarng
505 377 594 420 fast
645 377 886 434 allgemein
938 392 1291 435 angenommen;
1346 378 1438 434 v.gl
1492 378 1836 432 Bodensteiner,

83 448 184 503 ess.
203 453 301 494 655
334 449 388 492 f.“
436 446 555 500 (ibid
597 461 638 504 p.
672 448 792 499 270);
847 447 952 499 „Ein
991 448 1202 491 Wechsel
1245 448 1324 490 des
1367 447 1837 505 Spielhintergrundes

83 524 126 570 ’ἶ
141 516 355 571 wahrend
396 519 477 560 des
519 516 695 573 Spieles
737 518 794 560 ist
832 518 876 560 in
919 521 999 561 der
1035 519 1258 575 jiingeren
1291 517 1388 559 Zeit
1426 532 1477 560 so
1516 518 1667 575 wenig
1708 520 1837 561 nach-

135 587 352 638 ‘weisban
390 587 477 632 wie
509 587 570 630 im
601 587 767 630 letzten
799 587 966 631 Drittel
1005 590 1085 631 des
1118 589 1164 631 V.
1197 589 1559 633 jahrhundertsf‘
1626 589 1836 632 Attamen

139 673 309 704 scaena
341 657 444 714 quin
475 660 680 711 mutetur,
715 657 814 699 fieri
834 672 924 700 non
946 672 1083 714 posse
1106 658 1235 701 nobis
1259 657 1435 714 quidem
1458 658 1638 700 videtur
1659 658 1837 715 Amphi-

38 724 68 761 ’ἶ
93 749 100 766 τ
139 729 311 774 truonis
343 742 387 771 v.
417 741 462 769 v.
488 728 570 768 547
604 740 701 783 sqq.
755 726 861 769 Cum
885 727 1005 770 enim
1027 727 1264 770 Mercurius
1289 732 1335 770 et
1356 728 1559 784 juppiter
1582 729 1637 771 ab
1659 727 1836 785 Amphi-

139 799 309 844 truonis
349 797 535 840 aedibus
577 798 749 853 parodo
789 796 1098 853 discesserint,
1141 797 1289 852 Sosia,
1333 799 1404 854 qui
1436 813 1479 841 v.
1514 802 1596 845 462
1639 797 1836 841 indidem

139 866 267 924 abiit,
309 882 406 911 cum
447 868 558 909 hero
599 869 656 909 ad
696 870 873 924 portum
918 867 1188 924 conspicitur
1228 882 1271 910 v.
1306 871 1410 911 562:
1455 868 1613 924 Amph.
1662 868 1835 919 „Audes

113 966 118 968 -
138 939 246 990 mihi
275 936 539 996 praedicare
572 936 615 980 id
649 937 768 980 domi
799 941 846 980 te
878 951 981 980 esse
1013 951 1144 991 nunc,
1178 937 1251 994 qui
1282 937 1352 980 hic
1384 940 1542 994 ades“;
1577 938 1630 980 cf.
1660 937 1836 994 Ussing.

141 1011 171 1056 I.
203 1025 245 1067 p.
280 1011 386 1052 286:
432 1007 588 1059 „Nova
620 1021 786 1050 scaena
817 1022 907 1051 non
940 1012 1046 1051 ante
1078 1010 1218 1051 aedes
1251 1009 1522 1066 Alcumenae
1555 1008 1712 1065 agitur,
1755 1009 1835 1050 sed

75 1095 86 1103 ··
138 1094 283 1138 prope
314 1079 497 1121 naves.“
545 1078 644 1121 „lam
676 1079 836 1121 eadem
867 1080 1000 1121 domo
1026 1078 1146 1135 picta
1169 1080 1419 1135 complures
1443 1078 1657 1135 deinceps
1680 1080 1836 1121 domos

139 1150 290 1194 varias
330 1147 573 1206 significari
611 1147 742 1191 facile
784 1149 1088 1204 concedimus,
1130 1149 1256 1192 velut
1298 1149 1339 1191 in
1374 1149 1685 1206 Aristophanis
1717 1148 1836 1191 ranis

38 1272 43 1281 ἶ
142 1222 333 1264 eaedem
362 1220 504 1261 aedes
534 1222 579 1260 et
611 1219 813 1261 Herculis
854 1224 899 1262 et
940 1220 1139 1263 Plutonis
1178 1224 1298 1273 sunt3
1343 1221 1470 1276 regia
1512 1226 1660 1262 autem
1704 1221 1835 1263 domo

49 1299 73 1346 jg
132 1295 313 1348 >portum
346 1289 423 1331 vel
453 1289 552 1331 loca
586 1288 628 1331 ei
659 1288 807 1332 vicina
840 1289 1028 1347 exprimi
1062 1304 1198 1347 posse
1230 1290 1448 1333 credimus
1472 1304 1527 1333 eo
1551 1289 1694 1333 minus
1719 1291 1834 1346 quod

142 1361 239 1417 ipse
269 1363 407 1416 poeta
440 1360 526 1401 duo
560 1358 634 1400 illa
669 1359 768 1401 loca
800 1359 985 1402 definite
1029 1359 1232 1402 distinxit
1264 1376 1302 1403 v.
1336 1375 1379 1403 v.
1414 1363 1512 1415 577,
1552 1359 1692 1415 (584),
1736 1362 1833 1414 592,

141 1431 265 1487 (606,
299 1429 416 1484 613).

281 1501 328 1544 In
360 1498 597 1557 Epidaurio
640 1498 771 1556 igitur
816 1501 994 1542 theatro
1037 1500 1259 1556 quomodo
1302 1498 1551 1543 huiusmodi
1589 1499 1835 1543 ornationis

138 1572 190 1614 fit
221 1573 436 1614 mutatio?
479 1570 596 1613 Fieri
629 1570 747 1612 enim
774 1583 864 1612 non
896 1574 1048 1626 potest
1079 1569 1165 1612 nisi
1197 1571 1355 1612 aulaeo
1389 1574 1464 1611 aut
1494 1575 1682 1627 utroque
1715 1570 1834 1612 didu-

140 1642 285 1685 cendo
317 1644 394 1684 aut
424 1654 594 1683 sursum
626 1639 840 1683 tollendo.
893 1640 972 1683 Est
995 1635 1162 1684 'autem
1195 1639 1256 1682 ibi
1287 1653 1433 1697 neque
1466 1654 1550 1696 quo
1584 1639 1834 1696 diducatur;

9 1727 63 1759 e
140 1726 244 1754 nam
283 1713 338 1753 ad
380 1711 685 1767 recipiendum
724 1710 908 1753 linteum
940 1712 1083 1766 pedes
1129 1711 1227 1766 plus
1276 1711 1517 1766 sexaginta
1549 1711 1731 1766 longum
1779 1711 1834 1751 ab

140 1787 326 1837 utraque
367 1793 562 1824 scaenae
604 1783 734 1836 parte
776 1780 982 1822 aedificia
1015 1794 1126 1837 opus
1166 1784 1320 1823 essent
1358 1779 1640 1836 longitudine
1672 1780 1836 1836 pedum

140 1850 316 1892 circiter
353 1850 557 1906 triginta3
601 1864 748 1904 neque
787 1864 871 1904 quo
913 1850 1113 1903 tollatur3
1158 1864 1260 1891 nam
1302 1864 1361 1891 ex
1402 1849 1709 1904 parascaeniis
1741 1850 1836 1891 sub-

141 1919 279 1963 latum
310 1933 407 1964 cum
442 1935 468 1963 a
499 1933 664 1963 scaena
696 1918 812 1962 absit
842 1921 983 1976 pedes
1016 1919 1191 1963 circiter
1223 1921 1395 1973 decem,
1438 1921 1627 1976 Quanam
1664 1932 1715 1962 re
1747 1932 1836 1962 sus·

94 1987 108 2023 f
140 1989 336 2032 tineatur
358 1994 431 2032 aut
454 1991 677 2046 quomodo
701 2002 727 2031 e
749 1990 1042 2045 spectantium
1061 1990 1197 2032 oculis
1220 1990 1457 2043 auferatur,
1480 1990 1663 2032 minime
1685 1990 1836 2045 liquet.

31 2116 33 2118 ᾖ
233 2086 242 2091 -
283 2062 448 2104 Contra
476 2062 515 2104 si
537 2060 592 2102 -in
622 2060 792 2116 pulpito
826 2060 996 2104 fabulas
1019 2060 1094 2116 agi
1125 2059 1393 2114 conceditur,
1428 2074 1525 2103 cum
1547 2059 1682 2102 valde
1705 2073 1836 2115 auge-

40 2134 102 2167 121
141 2132 270 2172 antur
315 2130 609 2187 parascaenia
655 2129 786 2173 facile
832 2145 964 2188 super
1010 2132 1123 2174 haec
1168 2130 1211 2173 in
1254 2144 1422 2173 summa
1464 2143 1631 2173 scaena
1672 2135 1838 2173 tectum

77 2230 105 2248 -,
141 2201 365 2255 quoddam
395 2204 547 2257 potest
579 2199 718 2254 effici,
761 2214 846 2256 quo
880 2202 1037 2243 aulaea
1069 2202 1242 2244 sublata
1274 2201 1617 2242 abscondantur.
1666 2199 1835 2255 Doerp—

74 2266 120 2325 ξ]
140 2267 250 2312 feldi
281 2275 430 2314 autem
462 2269 536 2313 illo
570 2270 836 2326 proscaenio
868 2270 993 2313 huius
1026 2270 1208 2328 generis
1230 2270 1407 2313 fabulae
1430 2269 1505 2326 agi
1526 2283 1618 2312 non
1638 2272 1838 2326 possunt.

88 2334 93 2400 J
282 2340 438 2383 Altera
480 2341 567 2385 iam
609 2340 803 2384 cooritur
841 2340 1079 2383 difficultas
1120 2341 1186 2383 eis
1225 2340 1489 2394 comoediis,
1534 2339 1691 2396 quibus
1724 2353 1837 2380 com-

74 2407 292 2467 JJplures
335 2412 617 2465 postulantur
659 2413 830 2454 domus.
892 2411 989 2453 Non
1034 2410 1076 2452 in
1119 2410 1319 2453 omnibus
1362 2409 1480 2452 enim
1523 2409 1591 2452 his
1634 2408 1838 2451 aedificia

73 2470 98 2542 ’ἓξ
142 2475 259 2520 inter
290 2492 340 2521 se
373 2481 649 2539 contingunt,
682 2481 801 2525 velut
833 2479 877 2522 in
900 2480 1038 2524 Milite
1066 2480 1277 2537 glorioso,
1312 2481 1393 2523 sed
1416 2479 1594 2536 saepius
1616 2480 1692 2521 vel
1714 2480 1834 2535 angi-

73 2544 285 2605 portis
316 2551 393 2593 vel
429 2552 570 2596 hortis
614 2550 989 2608 disiunguntur*);
1032 2551 1085 2594 cf.
1126 2551 1248 2595 Asin.
1286 2566 1325 2594 v.
1359 2553 1462 2595 740:
1512 2552 1635 2606 Arg:
1682 2583 1706 2604 „
1741 2583 1749 2591 .
1784 2583 1793 2590 .
1827 2582 1836 2590 .

142 2620 318 2673 patrem
349 2620 432 2662 huc
464 2626 592 2665 orato
625 2626 672 2665 ut
702 2621 895 2665 veniat.·‘
949 2621 1046 2665 Le.:
1104 2622 1223 2676 „lam
1256 2623 1460 2663 dudumst
1492 2619 1651 2663 intus.“
1714 2621 1836 2673 Arg.:

114 2763 124 2772 .-
286 2734 322 2776 *)
348 2736 391 2771 Of
418 2738 503 2781 Dpf.
531 2757 576 2762 ——
600 2740 642 2773 R
671 2737 911 2782 1.1.p.207:
953 2739 1086 2780 „Diese
1112 2739 1253 2775 Hauser
1277 2738 1351 2778 (bei
1378 2736 1654 2782 Aristophanes)
1679 2737 1838 2770 konnten

142 2791 327 2828 entweder
351 2792 463 2830 durch
488 2796 782 2843 Zwischenwege
808 2796 948 2840 (δίοδος
973 2796 1069 2832 Eccl.
1093 2795 1180 2840 693)
1204 2799 1394 2842 getrennt
1401 2796 1491 2841 sein,
1518 2796 1577 2830 die
1602 2793 1679 2829 sich
1705 2803 1751 2827 an
1775 2793 1839 2828 der

76 2863 128 2893 >c
91 2833 392 2889 ἰ’ῧῖῐθιιθιινναηᾱ
416 2854 583 2891 totliefen
608 2857 694 2891 oder
719 2858 803 2892 aber
829 2877 871 2880 —
894 2856 967 2891 und
999 2856 1063 2891 das
1080 2867 1157 2890 war
1174 2858 1269 2892 wohl
1295 2856 1353 2891 die
1374 2856 1491 2899 Regel
1517 2874 1560 2878 ——
1587 2853 1639 2889 sie
1666 2855 1838 2896 grenzten

91 2898 246 2962 ‘jffslicht
269 2908 502 2946 aneinander.
