2030 3125
1601 0 1630 8 -“·-
1634 0 1655 14 ’,-
1660 0 1785 22 ς’κηξῡ-Ἲ-,φ

857 26 875 39 ⁴⁷⁴3*
889 32 892 34 ,

280 236 287 242 „
329 158 483 236 ensue—
501 186 627 232 addit
653 200 686 241 ‚a
713 189 853 244 poeta
881 186 1002 231 nullo
1033 188 1177 232 verbo
1208 187 1502 231 memoratam
1514 200 1526 242 ;
1563 190 1663 231 erat
1693 192 1846 232 autem

268 263 607 313 f‘Romanorum,
653 260 702 301 ut
744 252 1086 306 dextroversum
1130 262 1389 314 spectantes
1424 259 1537 301 deos
1580 258 1847 312 adorarent5

236 331 346 379 Ptin.
377 329 430 376 N.
462 326 518 374 H.
550 326 812 382 XXXVIII,
855 329 894 382 2,
932 329 971 382 5,
1010 329 1091 382 25;
1132 328 1194 371 de
1226 343 1264 373 v.
1298 331 1350 371 71
1385 341 1494 373 vero
1526 327 1689 373 iudicat
1718 333 1845 373 recte

146 401 343 464 mugi*
365 399 441 455 ’(Π,
470 412 514 455 p.
545 397 674 452 534):
725 395 844 449 „Nec
889 410 1043 440 veram
1091 411 1217 441 aram
1262 397 1498 455 significat,
1544 400 1626 443 sed
1671 398 1846 443 amicae

169 463 476 519 *abit-ationem
508 501 518 511 .
552 502 561 513 .
597 499 607 512 .
641 502 650 511 .
712 468 830 512 Ante
875 468 1041 511 horunc
1078 467 1126 524 (i.
1165 482 1204 514 e.
1250 467 1445 513 Lenonis
1483 468 1693 521 familiae)
1739 468 1847 514 foris

89 574 96 594 .·
119 595 124 602 ,
147 543 272 598 Vovi,
300 539 457 597 inquit,
488 552 561 582 me
593 538 758 582 inferre
791 570 800 580 .
833 571 843 583 .
877 571 887 582 .
922 571 929 579 .
963 538 1242 593 ientaculum,
1273 540 1301 583 i.
1325 553 1365 584 e.
1398 539 1539 583 cibum
1562 539 1846 591 matutinum3

91 659 95 662 ,
147 610 307 661 'vinum
328 615 478 654 autem
510 608 759 666 significat,-
780 621 869 664 quo
900 607 1146 653 ianitricem
1181 609 1347 654 elicere
1379 613 1426 654 et
1457 603 1637 667 placare
1668 610 1843 654 studet“

87 715 103 722 -.
126 678 371 741 I-Opposita
402 680 538 737 igitur
568 683 670 731 sunt
698 678 965 722 Phaedromi
995 680 1137 722 verba
1175 679 1240 723 illi
1269 679 1460 723 Palinuri
1490 681 1588 723 ioco
1619 684 1755 736 atque
1785 680 1848 723 ita

144 747 463 808 intelligenda:
516 748 718 801 „Minime
748 747 856 793 mihi
891 750 947 792 ad
987 749 1219 793 dexteram
1264 763 1337 793 me
1368 755 1633 794 convertere
1654 773 1660 778 ·
1678 750 1846 806 placet;

149 823 289 866 immo
319 823 404 864 huc
451 819 493 874 (i,
526 834 567 862 e.
614 819 661 862 in
702 818 970 861 contrariam
1010 822 1200 875 partem,
1244 820 1301 862 ad
1332 817 1577 874 sinistram)
1622 832 1697 863 me
1743 832 1844 862 con-

150 895 345 945 vertam,
393 890 466 933 ubi
511 903 625 933 nunc
672 903 749 932 ara
787 889 975 933 Veneris
1021 891 1130 934 est.“
1197 889 1294 938 Quo
1339 889 1403 944 fit,
1450 894 1496 933 ut
1542 889 1849 947 spectantibus

152 963 348 1007 dextrae
380 958 470 1002 sint
500 961 638 1002 aedes
669 959 856 1014 lenonis,
887 959 1092 1002 sinistrae
1123 958 1403 1014 Phaedromi,
1433 958 1630 1003 medium
1651 957 1848 1016 Asclepii

42 1042 44 1045 '
96 1043 98 1046 ’
151 1034 320 1078 fanum.
369 1030 497 1079 Quod
518 1029 557 1072 si
576 1030 816 1073 contuleris
838 1043 937 1072 cum
958 1045 998 1073 v.
1028 1032 1113 1071 389
1140 1043 1221 1085 sq.,
1245 1029 1334 1072 iam
1351 1031 1586 1086 apparebit
1600 1029 1847 1086 Lyconem,

151 1115 252 1152 cum
272 1101 419 1145 fanum
440 1097 719 1156 praeteriens
741 1097 922 1142 obviam
937 1100 1014 1143 fiat
1039 1099 1287 1143 Curculioni
1305 1097 1572 1143 Phaedromi
1587 1111 1649 1141 ex
1665 1097 1849 1143 aedibus

9 1160 48 1196 Ψ
78 1197 85 1202 -
152 1171 424 1230 egredienti,
456 1171 647 1213 dextera
677 1169 884 1226 prodisse
902 1170 1094 1226 par0d0;
1127 1183 1239 1227 ergo
1271 1171 1384 1212 haec
1415 1173 1485 1213 est
1501 1170 1681 1214 urbana.
1744 1168 1845 1212 Cur-

151 1242 270 1287 culio
302 1255 346 1284 v.
379 1242 464 1282 278
496 1254 522 1282 a
554 1243 682 1295 portu
711 1239 901 1283 veniens
933 1244 1033 1283 utro
1055 1239 1178 1283 aditu
1199 1245 1347 1285 utatur
1368 1239 1551 1283 decerni
1571 1252 1662 1281 non
1682 1243 1847 1295 potest.

298 1309 511 1353 Casina:
552 1308 659 1351 Cum
691 1309 806 1352 alter
837 1313 1008 1352 tantum
1041 1312 1203 1365 exitus,
1228 1311 1301 1366 qui
1333 1310 1377 1353 in
1409 1310 1566 1352 urbem
1597 1308 1696 1363 fert,
1729 1322 1848 1352 usur-

151 1385 304 1438 petur,
330 1381 532 1437 parodon
564 1377 830 1434 significatio
863 1393 951 1422 non
982 1380 1133 1436 liquet.

298 1449 586 1507 Epidicus:
620 1448 725 1491 Utra
755 1449 927 1505 parodo
960 1450 1282 1506 Stratippocles
1315 1452 1361 1492 et
1397 1447 1687 1493 Chaeribulus
1718 1451 1848 1501 (109),

102 1504 105 1507 Δ
153 1520 282 1566 Miles
313 1534 414 1563 cum
444 1532 586 1577 puero
626 1517 761 1574 (430),
808 1533 920 1576 quos
958 1519 1135 1577 quidem
1172 1533 1198 1562 a
1236 1524 1366 1577 portu
1412 1518 1569 1562 venire
1612 1533 1877 1563 censemus·

154 1597 340 1649 propter
372 1606 415 1637 v.
451 1593 519 1644 15,
566 1588 885 1646 ingrediantur,
931 1602 1087 1647 parum
1119 1594 1309 1643 constat,
1347 1589 1433 1633 nisi
1461 1589 1648 1634 militem
1678 1591 1850 1647 parodo

154 1663 331 1706 ubanae
367 1659 576 1718 opposita
615 1660 796 1716 prodire
838 1660 956 1704 velis
996 1659 1175 1714 idcirco,
1216 1662 1331 1716 quod
1363 1660 1408 1702 in
1455 1661 1614 1704 urbem
1645 1663 1852 1706 versibus

156 1747 249 1776 non
294 1732 393 1789 plus
429 1731 516 1774 sex
546 1733 653 1773 ante
684 1729 792 1773 abiit
821 1729 1090 1786 Apoecides.
1151 1730 1208 1772 Et
1253 1730 1395 1786 ipsam
1425 1730 1674 1788 Philippam
1720 1743 1852 1774 anum

156 1816 204 1845 v.
237 1804 321 1845 525
353 1814 549 1858 peregre
581 1800 650 1851 (cf.
685 1798 788 1853 532)
821 1800 1151 1855 advenientem,
1189 1813 1248 1842 ne
1279 1799 1485 1843 fidicInae
1517 1805 1620 1843 octo
1651 1800 1852 1845 versibus

155 1877 264 1918 ante
294 1871 340 1915 in
370 1873 523 1915 urbem
544 1870 777 1927 digressae
799 1870 982 1913 obviam
1012 1869 1106 1925 fiat,
1139 1871 1283 1913 altera
1313 1870 1377 1913 uti
1406 1872 1578 1927 paredo
1612 1870 1853 1915 verisimile

156 1945 243 1997 est,
275 1955 357 1999 pro
390 1946 513 1985 certo
545 1954 634 1983 non
666 1944 854 1984 constat.

301 2011 631 2055 Bacchides:
662 2010 773 2054 Eum
792 2010 878 2073 'qui
911 2023 936 2052 a
966 2014 1096 2066 portu
1127 2010 1215 2053 sert
1253 2009 1421 2054 aditum
1452 2010 1650 2053 urbanae
1681 2012 1853 2067 parodo

134 2081 416 2139 'oppositum
448 2094 552 2125 esse
581 2081 697 2123 haud
728 2080 822 2131 scio
854 2094 910 2124 an
931 2080 1145 2137 probetur
1164 2082 1248 2123 hac
1279 2082 1474 2124 ratione:
1507 2082 1702 2137 Roganti
1723 2080 1851 2126 Nico-

161 2151 265 2196 bulo
298 2150 430 2207 (343),
477 2150 551 2195 ubi
581 2151 640 2195 sit
670 2149 964 2196 Mnesilochus
995 2149 1123 2205 filius,
1167 2150 1399 2207 respondit
1430 2149 1667 2195 Chrusalus
1713 2150 1854 2207 (344):

162 2221 313 2272 „Deos
344 2226 481 2278 atque
512 2214 764 2265 amicosiit
794 2221 1035 2263 salutatum
1051 2222 1107 2264 ad
1126 2221 1278 2264 forum.
1327 2220 1433 2263 Inde
1461 2234 1606 2263 senex
1636 2221 1679 2264 in
1711 2221 1853 2264 forum

157 2290 256 2336 abit
284 2305 417 2336 versu
446 2292 668 2348 proximo.
730 2289 939 2335 Mentitus
979 2296 1131 2335 autem
1167 2295 1238 2334 est
1273 2291 1370 2344 ille;
1417 2290 1516 2347 ipse
1548 2290 1666 2334 enim
1696 2306 1736 2336 v.
1771 2294 1855 2335 363

158 2359 351 2411 discedit
381 2362 657 2406 adulescenti
697 2374 777 2404 ero
817 2362 875 2404 de
906 2360 1064 2418 opibus
1096 2361 1365 2419 comparatis
1396 2360 1598 2404 nuntium
1628 2363 1856 2418 allaturus,

157 2444 250 2474 non
281 2431 327 2474 in
357 2432 500 2476 iorum
531 2431 714 2486 scilicet,
757 2430 833 2474 ubi
873 2445 971 2474 cum
999 2445 1113 2474 sene
1149 2446 1237 2475 non
1268 2434 1425 2488 posset
1454 2434 1557 2478 no'n,
1577 2445 1857 2487 concurrere,

16 2522 33 2528 ν
134 2500 246 2551 ‚sed
275 2500 420 2549 altera
449 2503 621 2559 parodo
664 2503 721 2545 ad
752 2506 940 2559 portum,
986 2503 1105 2545 unde
1136 2502 1428 2546 Mnesilochus
1468 2515 1628 2545 revera
1659 2505 1857 2547 nondum

158 2570 214 2624 in¹
237 2571 392 2614 urbem
425 2572 566 2617 venit.

302 2639 666 2688 Mostellaria:
714 2643 904 2688 alteram
951 2644 1155 2701 parodon
1201 2642 1258 2686 ad
1303 2647 1504 2701 portum,
1552 2643 1741 2688 alteram
1786 2657 1861 2688 rus

75 2726 78 2728 ·
159 2710 285 2754 serre
316 2715 514 2767 constat;
547 2727 652 2756 nam
674 2713 838 2757 Tranio
861 2717 909 2758 et
930 2715 1110 2759 Grumio
1131 2714 1266 2770 servi,
1289 2713 1365 2757 ille
1385 2714 1431 2757 in
1452 2713 1658 2758 Piraeum
1689 2716 1759 2768 (ci.
1778 2717 1861 2771 63),

162 2779 237 2825 hic
266 2793 341 2824 rus
372 2780 541 2836 (ct-73)
573 2784 822 2840 discedens,
856 2784 1024 2829 dlversi
1047 2784 1354 2842 digrediantur
1375 2798 1566 2828 necesse
1585 2789 1655 2829 est
1675 2791 1862 2843 propter

165 2864 207 2894 v.
240 2853 293 2894 71
326 2863 394 2908 sq.
442 2851 577 2898 Tran.
622 2854 860 2905 „Molestus
898 2868 958 2898 ne
997 2855 1079 2910 sis3
1110 2868 1224 2898 nunc
1259 2853 1350 2898 iam
1380 2854 1395 2899 i
1425 2868 1520 2910 rus3
1567 2858 1614 2898 te
1654 2857 1860 2901 amove.“

32 2900 98 2985 ,ἓὶ
138 2917 376 2990 *Forensis
419 2927 569 2967 autem
605 2925 753 2968 aditus
794 2925 882 2968 utri
921 2927 1093 2982 parodo
1135 2926 1446 2982 adiungendus
1486 2927 1558 2980 sit,
1603 2927 1725 2969 nullo
1761 2929 1864 2970 1000

1672 3006 1718 3043 3*
