2030 3125
166 156 279 195 on‘es
326 150 425 195 v'oci
469 138 587 194 suae
625 150 722 193 sine
767 154 1051 206 praematura
1093 150 1189 194 eius
1221 152 1361 194 ¹ruina
1404 146 1824 215 imperare

156 430 302 487 >ipsius
336 430 641 475 delineatione
689 431 734 481 (l.
768 443 806 473 a.
839 432 868 474 f
903 432 971 472 92.
1004 444 1045 486 p
1079 431 1194 484 356.)
1243 436 1432 487 apparet
1464 436 1676 488 actorum,
1723 436 1801 479 vel
1825 435 1865 480 si

84 1922 90 1927 ·
156 1917 291 1960 super
321 1904 420 1947 illas
444 1908 673 1946 exstructa
690 1903 733 1945 in
757 1905 1032 1946 orchestram
1054 1917 1208 1946 versus
1239 1906 1453 1959 producto
1478 1903 1700 1945 actoribus
1732 1916 1857 1958 para-

166 219 446 276 negabimus.
510 219 649 262 Immo
681 219 864 276 gravius
896 221 980 263 hoc
1012 220 1141 263 nobis
1173 219 1346 263 videtur
1385 234 1517 277 quam
1549 226 1667 280 quod
1697 226 1739 270 D

166 286 329 334 seldius
360 288 633 333 adversariis
664 289 755 332 suis
788 289 995 346 opposuit
1026 289 1194 346 pulpito
1234 291 1438 334 undecim
1469 293 1612 348 pedes
1643 295 1741 338 alto
1768 294 1779 348 f

166 360 432 438 spectaculis
463 373 659 403 scaenae
692 364 980 416 conspectum
1013 360 1200 405 definiri.
1247 360 1568 417 Praeterquam
1599 365 1717 408 enim
1748 365 1806 422 qu

166 500 373 556 proxime
406 514 432 541 a
453 513 620 542 scaena
651 499 945 553 constiterint,
977 498 1126 556 capita
1149 505 1194 543 et
1214 505 1400 556 pectora
1422 503 1634 557 conspici,
1667 517 1741 547 res
1763 505 1863 582 fert,
1878 503 1955 552 ”Tffi
1985 543 1987 546 .

166 572 213 612 ut
245 569 506 625 plerumque
538 570 602 613 illi
632 569 675 612 in
709 571 856 612 antica
887 569 1043 626 pulpiti
1074 575 1309 613 versentur
1339 561 1959 628 parte.

306 640 365 682 At
388 640 508 684 enim
529 655 675 698 neque
707 642 840 697 logeo
873 641 1077 683 undecim
1100 642 1242 698 pedes
1265 643 1355 685 alto
1378 642 1569 698 spatium
1601 643 1704 687 illud
1726 645 1862 690 multo

165 710 373 754 minuitur
396 716 442 753 et
465 711 508 752 in
524 711 745 766 Dionysio
769 712 904 766 quinti
924 712 1089 753 saeculi
1111 714 1287 753 theatro
1310 712 1582 753 histriones
1572 726 1615 754 m
1633 715 1862 758 orchestra
1885 740 1888 742 -
1959 739 1967 769 j

165 794 254 823 non
292 780 462 823 minore
510 782 655 838 spatio
702 781 940 824 interiecto
989 781 1138 837 egisse
1179 789 1366 825 constat.
1431 784 1578 831 Quid?
1626 787 1745 839 quod
1787 785 1863 830 illa

165 855 318 893 aetate
365 851 449 894 ista
497 864 662 892 scaena
709 855 866 892 ornata
899 857 995 893 erat
1041 852 1344 906 parascaeniis
1384 856 1549 909 pedum
1596 867 1682 895 non
1720 854 1871 897 minus·

166 921 422 977 quindecim
456 919 529 974 (cf.
563 921 590 962 l.
625 922 650 963 l.
682 922 755 976 fig.
789 923 857 975 22,
890 935 930 976 p.
966 923 1072 971 68.)!

305 991 700 1034 Parascaeniorum
723 990 839 1032 enim
863 992 985 1046 quasi
1005 1004 1190 1034 munera
1213 992 1414 1035 videntur
1437 1006 1541 1036 esse
1563 995 1666 1049 tria,
1700 995 1861 1038 ornati·
1894 978 1900 993 x

164 1074 294 1104 onem
337 1064 444 1103 ante
482 1074 693 1104 scaenam
731 1062 1009 1114 collocatam,
1044 1062 1167 1105 velut
1206 1064 1376 1117 domos,
1420 1064 1464 1106 in
1497 1062 1638 1106 forma
1670 1065 1861 1120 quadam

162 1131 412 1186 includere;
461 1143 655 1173 scaenae
694 1129 888 1172 frontem
929 1131 1147 1187 utrimque
1187 1132 1435 1188 aequaliter
1478 1138 1522 1176 et
1560 1138 1860 1190 congruenter

160 1200 371 1254 definire;
402 1201 598 1243 sonitum
616 1201 850 1244 verborum
874 1201 916 1243 in
934 1202 1197 1256 proscaenio
1215 1205 1501 1258 prolatorum,
1525 1217 1582 1245 ne
1603 1204 1859 1260 priusquam

162 1273 217 1314 ad
249 1284 417 1314 summa
440 1271 695 1327 spectacula
716 1270 990 1326 pervenerit,
1025 1271 1307 1327 dispergatur
1329 1287 1416 1315 una
1433 1288 1530 1316 cum
1552 1287 1718 1316 scaena
1741 1288 1855 1317 com-

160 1354 348 1397 pescere
381 1345 516 1397 atque
544 1340 764 1397 integrum
789 1340 1043 1392 reddere*).
1094 1340 1290 1389 Quorum
1319 1341 1514 1398 quidem,
1548 1357 1663 1399 quae
1691 1343 1858 1400 Doerp-

160 1411 320 1456 seldius
352 1410 394 1454 in
424 1410 692 1467 Epidaurico
726 1413 902 1454 theatro
936 1417 1090 1454 censet
1122 1411 1259 1455 fuisse
1290 1412 1592 1468 parascaenia,
1626 1414 1860 1470 funguntur

159 1482 292 1526 nullo.
341 1480 545 1536 Namque
569 1485 659 1523 tam
683 1481 885 1524 tenuibus
909 1482 1204 1538 crepidinibus
1227 1496 1483 1525 scaenarum
1507 1496 1710 1526 numerus
1742 1485 1859 1527 haud

160 1553 364 1609 exiguus,
411 1552 454 1594 id
498 1553 613 1606 quod
658 1550 770 1594 infra
803 1551 1050 1607 apparebit,
1093 1552 1167 1607 agi
1199 1565 1286 1594 non
1318 1555 1492 1608 potest;
1539 1554 1727 1595 eaedem
1761 1565 1858 1596 cum

159 1622 335 1679 pariete
378 1621 618 1677 sexaginta
664 1623 804 1677 pedes
846 1622 982 1677 longo
1028 1635 1117 1664 non
1155 1621 1406 1679 concinunt3
1456 1622 1626 1666 sonitus
1666 1624 1858 1680 denique

159 1692 265 1749 quin
295 1693 446 1735 statim
478 1693 523 1734 in
556 1705 710 1735 omnes
743 1696 895 1748 partes
928 1691 1148 1736 dilabatur
1179 1705 1266 1734 non
1298 1693 1548 1748 prohibent.
1603 1691 1726 1741 Quae
1759 1707 1858 1736 cum

158 1761 220 1806 ita
252 1762 350 1818 sint,
386 1762 489 1819 quid
522 1762 626 1806 illae
658 1763 740 1806 sibi
773 1763 960 1806 volunt?
993 1776 1067 1805 cur
1098 1776 1184 1805 non
1218 1764 1376 1806 desunt
1407 1769 1453 1806 ut
1481 1763 1714 1807 Eretriae?
1762 1763 1857 1806 Non

157 1837 258 1876 sunt
279 1833 399 1877 enim
430 1832 735 1889 parascaenia,
769 1834 848 1876 sed
881 1833 1012 1889 pilae,
1048 1833 1203 1888 quibus
1231 1833 1400 1890 pulpito
1434 1834 1546 1876 ultra
1567 1834 1858 1889 parascaenia

155 1972 435 2016 scaeniorum
461 1973 623 2016 itinera
645 1972 956 2029 expediantur.
1010 1974 1081 2015 An
1103 1973 1272 2028 mirum,
1307 1974 1424 2029 quod
1459 1972 1502 2015 in
1525 1971 1663 2029 ipsius
1685 1971 1854 2028 Doerp-

155 2045 263 2087 feldi
296 2045 574 2087 theatrorum
606 2043 758 2086 formis
791 2043 885 2099 (fig.
920 2046 988 2097 26,
1023 2057 1064 2098 p.
1099 2045 1173 2098 75;
1207 2042 1282 2099 fig.
1317 2046 1385 2097 50,
1419 2057 1459 2099 p.
1497 2045 1577 2084 122
1612 2048 1657 2085 et
1688 2046 1718 2084 t.
1752 2041 1854 2096 V11;

154 2114 229 2170 fig.
264 2117 333 2168 44,
366 2128 407 2170 p.
445 2116 551 2166 112;
584 2113 659 2169 fig.
685 2116 753 2167 63,
787 2128 826 2169 p.
864 2112 981 2167 154.)
1014 2112 1130 2155 inter
1164 2110 1532 2168 „proscaenium“
1566 2116 1611 2154 et
1644 2125 1855 2154 scaenam
1959 2156 1962 2157 ⁷

153 2184 346 2240 spatium
369 2189 439 2226 est
467 2185 630 2239 pedum
663 2183 837 2226 circiter
860 2185 1028 2237 decem,
1063 2183 1181 2226 idem
1205 2189 1339 2239 atque
1361 2183 1516 2240 pulpiti
1549 2182 1685 2225 fuisse
1717 2183 1855 2225 refert
1922 2179 1933 2187 ”
1964 2178 1976 2186 ”

154 2254 415 2297 Vitruvius?

295 2325 501 2381 Denique
534 2337 666 2366 omne
699 2323 819 2378 illud,
868 2326 983 2379 quod
1017 2329 1121 2366 ante
1152 2337 1361 2367 scaenam
1394 2323 1531 2366 fuisse
1564 2323 1655 2366 vult
1688 2322 1853 2379 Doerp-

152 2394 326 2448 feldius,
359 2395 611 2438 aedificium
642 2398 812 2450 pugnat
844 2408 943 2436 cum
976 2395 1267 2450 congruentia
1300 2394 1677 2450 aequalitateque,
1720 2405 1853 2448 quam

151 2464 195 2506 in
226 2467 312 2507 hoc
344 2466 441 2521 ipso
474 2466 652 2507 theatro
686 2477 902 2506 summam
935 2463 1068 2506 fuisse
1091 2468 1274 2506 veteres
1306 2463 1563 2520 gloriantur.
1607 2461 1713 2505 Cum
1735 2463 1853 2506 enim

153 2534 429 2591 longitudine
463 2538 586 2577 esset
617 2535 781 2590 pedum
814 2534 912 2590 plus
937 2533 1188 2591 sexaginta,
1224 2533 1459 2578 latitudine
1481 2535 1652 2584 decem,
1688 2536 1853 2576 tectum

152 2605 248 2648 eius
280 2605 533 2661 pertinebat
565 2616 647 2660 per
679 2605 822 2660 pedes
857 2605 1097 2660 quadratos
1131 2605 1306 2649 circiter
1337 2605 1582 2647 sescentos.

292 2674 481 2717 Vastum
504 2676 588 2718 hoc
607 2687 776 2730 aequor
799 2674 975 2730 qualem
998 2677 1126 2730 putas
1149 2678 1378 2731 aspectum
1396 2673 1655 2729 praebuisse
1678 2675 1849 2729 specta—

292 2838 329 2881 *)
355 2839 399 2875 cf.
426 2838 519 2874 Vitr.
548 2839 589 2882 V,
616 2837 649 2881 6,
687 2838 780 2882 quod
806 2838 849 2874 de
877 2850 1006 2875 scaena
1031 2838 1167 2874 dictum
1205 2839 1250 2872 ad
1274 2836 1508 2882 parascaenia
1542 2848 1681 2880 quoque
1715 2836 1851 2872 referre

150 2897 230 2934 sine
257 2896 364 2933 dubio
391 2895 487 2934 licet.
