2030 3125
1649 33 1682 51 .:
1705 33 1723 54 ε
1797 41 1815 54 22
1830 31 1860 45 *⁴
1878 38 1910 55 a:

1736 82 1739 84 i
1867 70 1884 85 'a‘
1890 71 1906 87 ”,“
1913 76 1931 97 f
1941 81 1956 99 'J

1806 95 1877 137 27⁷
1929 105 1970 127 »

1931 122 1951 135 -›

281 269 396 326 nihil
421 285 509 335 est,
552 294 627 324 cur
657 281 744 325 hae
775 280 921 338 quarti
958 280 1127 324 saeculi
1156 281 1424 325 comoediae
1457 281 1500 323 in
1532 281 1668 337 logeo
1701 283 1862 325 decem

163 344 325 410 pedes
335 352 431 395 lato
463 350 538 406 agi
569 362 657 393 non
687 349 875 407 possint,

156 472 159 475 μ
306 420 444 465 Immo
488 421 649 464 eodem
679 420 754 465 illo
787 420 1096 477 eccyclemate
1128 420 1395 466 traducimur
1436 422 1493 464 ad
1525 422 1757 465 tractanda
1789 433 1858 476 ea,

138 481 278 550 ⁵-vquae
293 494 450 534 contra
467 490 802 547 Doerpseldium
825 504 928 534 esse
945 504 1189 536 censemus.
1231 493 1276 537 In
1294 490 1499 534 Asinaria
1517 492 1636 535 enim
1654 492 1859 535 domu'um

147 558 348 619 “dnarum
380 561 455 617 (cf.
485 575 529 618 p.
553 558 600 615 5)
632 559 784 604 ianuas
816 560 1102 618 aequalitatis
1133 576 1266 605 causa
1299 566 1646 605 consentaneum
1678 565 1748 605 est
1780 575 1858 605 eas

162 628 280 687 esse,
311 644 422 688 quas
441 630 598 675 Pollux
629 629 718 686 (IV,
746 633 848 687 126)
884 629 1006 685 „nepe
1025 626 1104 687 τὴν
1123 627 1288 686 μέσην“
1317 634 1425 677 sitas
1449 633 1566 677 dicit.
1616 634 1739 684 Quae
1761 646 1855 675 cum

72 744 83 753 .,
160 700 489 758 inDoerpfeldi
514 696 844 759 „proscaenio“,
863 702 932 745 cui
962 714 1050 743 una
1078 706 1209 758 porta
1240 709 1309 747 est
1328 704 1489 756 media,
1521 703 1697 746 nonnisi
1727 717 1854 759 para-

104 778 125 806 Ἃ
159 774 412 829 petasmate
444 771 698 815 adumbrari
728 772 912 828 possint,
946 773 1168 827 quomodo
1190 774 1409 817 evolvitur
1432 773 1720 830 eccyclema‘?
1766 774 1853 817 Sed

161 840 337 885 etiamsi
367 842 616 887 meretricis
656 841 833 885 aedium
873 842 1040 887 aditum
1069 843 1263 885 medium
1310 843 1422 886 velis
1461 857 1574 898 esse,
1617 844 1693 886 illa
1724 848 1855 899 porta

111 918 117 925 '
158 912 237 957 vix
258 916 465 970 quattuor
495 913 638 970 pedes
665 913 756 956 lata
788 913 1046 969 eccyclema
1076 911 1300 957 biclinium
1330 913 1549 957 sustinens
1580 912 1696 956 nullo
1719 914 1853 957 modo

157 986 310 1040 potest
341 983 508 1039 evolvi;
541 984 610 1035 (cf.
644 983 817 1038 Christ„
851 984 1094 1029 Sita-Ber„
1115 984 1240 1037 1894,
1273 983 1302 1027 I.
1335 997 1378 1040 p.
1411 982 1501 1038 21).

299 1052 446 1110 Ipsum
489 1057 638 1097 autem
679 1058 1006 1110 parapetasma,
1049 1066 1151 1109 quo,
1195 1066 1294 1095 cum
1335 1054 1378 1096 in
1419 1052 1591 1108 sabulis,
1636 1058 1682 1096 ut
1722 1068 1853 1111 supra

0 1132 49 1179 ᾗ
158 1121 220 1179 (p.
255 1125 280 1164 5
312 1123 432 1179 sqq.)
462 1122 649 1167 vidimus
680 1124 814 1180 longe
845 1121 1044 1180 plurimis
1078 1122 1211 1167 binae
1243 1126 1318 1164 aut
1350 1111 1506 1165 ternae
1537 1123 1697 1166 ianuae
1731 1137 1849 1166 usur-

157 1197 331 1251 pentur,
371 1192 661 1250 Doerpfeldio
693 1194 949 1236 necessario
981 1194 1188 1235 utendum
1222 1198 1303 1246 est,
1346 1193 1526 1236 minime
1559 1194 1771 1236 convenit
1806 1195 1851 1236 in

156 1264 466 1320 proscaenium
508 1264 724 1307 columnis
767 1267 813 1305 et
852 1263 991 1320 signis
1029 1266 1229 1305 ornatum
1272 1262 1446 1316 (Christ.
1489 1262 1715 1307 Sitz.·Ber.
1753 1265 1778 1307 l.
1811 1278 1849 1306 a.

156 1347 198 1390 p.
231 1336 312 1390 203
345 1348 386 1391 p.
421 1337 475 1377 50
509 1336 609 1380 adn.
645 1336 698 1387 1).

299 1404 397 1448 Alia
428 1405 622 1448 cooritur
665 1405 900 1449 difficultas
932 1417 1002 1457 eo,
1041 1403 1156 1459 quod
1188 1417 1514 1459 saepenumero
1546 1405 1848 1460 spectantibus

156 1476 345 1518 eundem
368 1480 502 1531 atque
524 1475 746 1519 actoribus
766 1476 1049 1531 prospectum
1070 1477 1227 1529 patere
1254 1487 1341 1515 non
1364 1471 1482 1516 licet.
1530 1473 1576 1516 In
1612 1475 1850 1531 Epidaurio

156 1545 277 1587 enim
294 1545 470 1587 theatro
492 1545 536 1588 in
551 1546 744 1600 parodos
762 1544 1010 1597 inferiores,
1034 1544 1190 1598 quibus
1212 1543 1255 1585 in
1273 1544 1545 1587 orchestram
1562 1543 1848 1587 histrionibus

135 1613 415 1669 *Doerpfeldi
450 1614 610 1658 iudicio
632 1614 937 1671 prodeundum
960 1616 1042 1666 est,
1074 1612 1332 1669 prospicere
1364 1618 1516 1669 potest
1547 1627 1712 1657 caveae
1743 1626 1847 1670 pars

154 1683 270 1726 haud
312 1684 499 1741 exigua,
542 1689 754 1741 quantum
794 1682 973 1740 quidem
1016 1696 1077 1725 ex
1117 1683 1503 1728 fundamentorum
1545 1682 1847 1726 delineatione

153 1758 355 1810 apparet.
400 1753 633 1798 Pertinent
663 1758 814 1797 autem
844 1755 930 1796 huc
956 1753 999 1796 ei
1030 1753 1229 1810 inprimis
1258 1752 1346 1795 loci
1376 1753 1493 1810 apud
1514 1753 1716 1796 Plautum
1747 1767 1845 1809 per-

151 1824 289 1878 multi,
339 1824 492 1881 quibus
534 1839 756 1882 personae
797 1825 841 1868 in
882 1837 1047 1868 scaena
1088 1828 1324 1867 versantes
1366 1824 1574 1868 simulant
1614 1823 1725 1867 alias
1766 1837 1846 1881 per

151 1892 351 1949 plateam
373 1895 670 1938 advenientes
693 1909 744 1938 se
766 1893 1041 1951 conspicere,
1064 1895 1190 1937 velut
1213 1893 1336 1936 Curc.
1356 1896 1440 1936 278
1464 1894 1516 1947 (v.
1540 1907 1670 1950 supra
1693 1908 1735 1950 p.
1759 1897 1845 1945 24).

152 1961 366 2006 Addimus
398 1964 520 2007 illam
557 1964 827 2018 „Rudentis‘
862 1978 1070 2007 scaenam
1103 1980 1142 2008 v.
1178 1967 1260 2006 148
1293 1977 1412 2020 sqq.;
1456 1964 1708 2007 Daemones
1740 1978 1843 2007 nau-

151 2033 341 2089 fragium
383 2033 509 2090 quasi
549 2034 688 2078 oculis
731 2047 1009 2091 prosequens
1051 2033 1262 2078 describit
1309 2038 1443 2090 atque
1486 2033 1530 2076 id
1573 2037 1751 2092 quidem
1789 2039 1844 2079 ad

152 2103 388 2146 dexteram
419 2109 594 2160 partem
625 2117 870 2148 conversus
903 2103 976 2159 (cf.
1014 2104 1131 2159 155).
1192 2105 1472 2147 Hoc-autem
1507 2106 1844 2162 spectatoribus,

149 2172 188 2216 si
209 2172 295 2230 ipsi
323 2175 484 2217 eodem
514 2180 698 2231 possent
720 2179 942 2252 spectare,
973 2189 1063 2218 non
1083 2176 1361 2232 probaretur.
1409 2174 1531 2217 Saxa
1553 2189 1666 2219 vero
1699 2192 1736 2221 v.
1760 2180 1843 2219 204

149 2248 397 2287 memorata
428 2258 531 2288 num
563 2250 691 2302 putas
723 2244 766 2287 in
795 2246 1029 2311 orchestra
1060 2245 1278 2291 collocata
1310 2258 1412 2288 esse
1444 2244 1519 2295 ita,
1551 2251 1599 2290 ut
1631 2249 1844 2291 extremis

150 2326 318 2357 caveae
359 2317 510 2360 cuneis
550 2321 653 2372 post
693 2316 770 2360 illa
795 2307 1075 2373 prospectus
1114 2317 1205 2360 sit'?
1267 2316 1404 2361 Immo
1441 2318 1695 2361 universam
1732 2319 1842 2361 hanc

149 2378 342 2427 fabulam
372 2383 470 2428 sine
499 2385 803 2443 parascaeniis
834 2386 908 2442 agi
938 2400 1073 2443 posse
1105 2399 1334 2443 negamus.

278 2454 596 2500 l’arascaeniis
634 2460 787 2500 autem
829 2457 928 2500 aliis
971 2471 1149 2514 quoque
1189 2470 1302 2514 opus
1344 2463 1414 2501 est
1455 2457 1576 2512 locis,
1620 2457 1685 2500 eis
1729 2458 1839 2511 dico,

148 2523 305 2580 quibus
327 2538 547 2582 personae
569 2528 612 2571 in
636 2526 899 2584 proscaenio
920 2526 1037 2571 inter
1058 2541 1109 2571 se
1130 2541 1219 2571 non
1241 2527 1534 2584 conspiciunt:
1568 2529 1641 2584 qui
1663 2527 1841 2584 quidem

41 2624 47 2631 Α
94 2591 98 2594 ⁴
145 2595 239 2637 tam
268 2595 392 2638 multi
423 2600 536 2651 sunt,
569 2603 615 2641 ut
645 2598 764 2641 nulla
795 2598 944 2642 fabula
977 2599 1043 2643 eis
1064 2603 1230 2644 careat.
1284 2600 1373 2643 Sed
1404 2613 1572 2641 summa
1603 2598 1645 2641 in
1676 2601 1759 2641 hac
1790 2614 1839 2642 re

4 2703 52 2726 ,ζ
147 2662 400 2709 adhibenda
442 2670 511 2708 est
557 2667 702 2710 cautio
746 2668 1085 2725 rectissimeque
1131 2669 1292 2713 iudicat
1334 2668 1669 2712 Bodensteiner.
1717 2670 1757 2721 (l.
1798 2683 1837 2711 a.

146 2746 188 2800 p.
216 2736 342 2790 107):
379 2738 547 2789 „Wenn
568 2736 648 2781 wir
669 2737 921 2793 bedenken,
954 2739 1041 2783 wie
1062 2740 1208 2784 vieles
1230 2734 1298 2784 'oft
1319 2740 1395 2782 auf
1415 2751 1620 2780 unserem
1643 2740 1839 2782 Theater

147 2802 222 2849 'die
253 2804 562 2863 Schauspieler
598 2807 718 2851 nicht
750 2809 904 2863 sehen,
942 2809 1046 2854 weil
1078 2810 1145 2853 sie
1178 2824 1228 2853 es
1264 2824 1381 2855 zwar
1422 2811 1547 2853 recht
1577 2814 1655 2865 gut
1696 2810 1837 2852 seben

21 2906 31 2914 .,
141 2870 359 2931 1Ιϊὸῐιῐιῒθῐι,
401 2876 513 2920 aber
542 2876 836 2922 nichtvsehen
868 2880 1039 2935 diirfen,
1080 2883 1199 2925 dann
1239 2883 1425 2926 werden
1457 2879 1536 2924 wir
1568 2894 1648 2922 uns
1688 2881 1835 2935 hiiten,

34 2952 107 2996 «e
145 2943 300 2986 solche
330 2944 456 2991 Falle
493 2949 560 2992 fiir
592 2951 703 2993 allzu
732 2948 1070 3007 beweiskraftig
1101 2966 1155 2994 zu
1185 2952 1351 2997 halten.
1413 2950 1593 3007 Richtig
1625 2952 1682 2995 ist
1713 2951 1836 3005 aber,

293 255 295 257 .
337 203 510 257 maiore
530 213 750 268 apparatu
786 221 919 267 quam
955 209 1135 256 biclinio
1171 223 1272 254 cum
1308 211 1513 254 mensula
1542 223 1729 266 usquam
1750 222 1883 268 opus,
