2030 3125
501 781 590 855 De
643 782 1120 873 parascaeniis
1172 785 1240 855 et
1290 782 1552 874 pulpito.

321 932 483 983 Quinto
523 945 562 977 a.
597 933 695 977 Chr.
728 947 770 976 n.
803 934 982 976 saeculo
1014 934 1060 977 in
1092 933 1362 976 Graecorum
1393 934 1581 988 theatro,
1615 946 1714 975 cum
1746 934 1867 976 chori

80 1000 153 1063 22ssst
176 1007 331 1061 partes
347 1017 444 1046 cum
464 1004 710 1047 fabularum
728 1004 1002 1060 argumentis
1019 1005 1279 1047 coniunctae
1301 1008 1432 1059 atque
1452 1006 1685 1059 copulatae
1702 1009 1866 1057 essent,

169 1064 354 1118 *actores
399 1073 444 1117 in
490 1074 789 1130 orchestram,
838 1074 1078 1117 Choreutae
1115 1072 1160 1116 in
1206 1072 1514 1130 proscaenium
1557 1074 1868 1117 commeabant

176 1144 247 1197 (cs.
269 1145 610 1199 Bodensteiner,
638 1159 758 1189 scen.
781 1146 957 1201 Fragen
978 1158 1019 1200 p.
1043 1146 1126 1186 681
1150 1143 1268 1200 sqq.)
1277 1161 1287 1199 ;
1321 1158 1458 1200 quare
1481 1145 1536 1185 ad
1564 1145 1638 1186 illa
1661 1150 1867 1200 tempora

177 1213 349 1258 Vitruvi
387 1220 628 1271 praecepta
670 1215 898 1272 pertinere
936 1228 1023 1257 non
1054 1228 1188 1271 posse
1232 1214 1362 1258 facile
1403 1215 1672 1258 conceditur.
1736 1212 1868 1270 Atqui

175 1285 264 1329 iam
295 1288 400 1328 tunc
430 1285 744 1342 proscaenium
776 1286 832 1328 ab
874 1287 1101 1329 orchestra
1133 1290 1347 1341 suggesto
1376 1285 1568 1340 quodam
1606 1284 1867 1328 disiunctum

175 1353 312 1398 fuisse
358 1369 417 1397 ex
458 1354 563 1411 ipsis
606 1356 719 1400 illius
771 1356 933 1398 aetatis
974 1356 1134 1399 fabulis
1179 1355 1421 1398 luculenter
1464 1354 1614 1398 effecit
1652 1354 1868 1398 Christius

174 1425 368 1477 (Jahrbb.
415 1426 700 1481 149l150111,
743 1426 794 1470 H.
837 1440 878 1483 p.
916 1428 997 1469 160
1040 1439 1162 1482 sqq.;
1210 1450 1265 1457 —
1311 1424 1537 1470 Sim-Ber.
1583 1427 1709 1479 1894,
1751 1424 1781 1468 I.
1814 1424 1866 1468 H.

175 1508 218 1551 P·
252 1498 306 1536 45
339 1494 460 1551 sqq)

73 1616 126 1631 ἱ
316 1565 481 1616 Quarto
514 1580 688 1624 quoque
719 1542 898 1611 saeculo
930 1566 1036 1610 illud
1067 1564 1183 1610 inter
1215 1566 1395 1610 chorum
1431 1568 1478 1609 et
1515 1568 1692 1608 actores
1731 1565 1864 1608 inter-

62 1638 131 1684 ·Ϊν
174 1636 365 1679 cessisse
397 1638 709 1681 commercium
741 1639 1050 1681 demonstrare
1083 1651 1142 1679 ex
1169 1637 1433 1693 fragmentis
1455 1638 1723 1680 Graecarum
1744 1635 1863 1678 sabu-

170 1707 519 1750 larum'conatus
543 1713 611 1751 est
640 1707 784 1765 Capps
816 1707 929 1761 (The
951 1710 1110 1752 chorus
1132 1706 1175 1750 in
1199 1708 1275 1751 the
1297 1708 1419 1751 later.
1433 1707 1580 1752 Greek
1604 1707 1757 1748 drama
1779 1710 1863 1749 etc.

60 1824 63 1826 ,
141 1770 365 1821 tssAmeric.
397 1777 580 1820 Journal
613 1780 659 1822 of
690 1779 821 1823 Arch.
853 1778 914 1832 X,
957 1780 996 1822 3.
1038 1778 1183 1829 1895).
1245 1779 1313 1820 Ad
1356 1778 1468 1819 hanc
1505 1775 1763 1833 opinionem
1795 1790 1863 1817 ae-

160 1847 363 1906 scuratius
388 1847 712 1925 explorandam
730 1862 825 1891 cum
847 1862 994 1904 neque
1017 1852 1194 1904 tempus
1219 1848 1347 1891 nobis
1370 1860 1517 1904 neque
1538 1860 1685 1890 rerum
1708 1846 1867 1889 notitia

69 1907 141 1973 j
163 1921 392 1973 suppetat,
440 1917 483 1960 in
523 1919 672 1962 medio
715 1932 770 1960 ea
809 1917 964 1961 relicta
1001 1917 1091 1960 iam
1128 1918 1453 1974 perquiremus,
1487 1931 1602 1974 quae
1635 1919 1691 1959 de
1723 1917 1865 1973 quarti

102 1986 337 2038 saeculi
382 1988 646 2044 proscaenio
692 1994 737 2032 et
783 1988 1045 2045 Doerpfeldi
1085 1988 1298 2044 opinione
1344 1993 1590 2046 appareant
1629 2002 1689 2030 ex
1725 1986 1866 2030 Plauti

75 2055 218 2101 et
262 2058 444 2101 Terenti
497 2055 763 2114 comoediis,
816 2073 932 2116 quae
975 2059 1153 2115 quidem
1207 2059 1425 2102 certiores
1476 2063 1619 2102 testes
1662 2058 1866 2102 videntur

223 2141 274 2171 se
306 2142 441 2185 quam
472 2127 548 2174 illa
579 2130 845 2187 fragmenta.
908 2129 1004 2180 Qua
1027 2127 1069 2172 in
1092 2143 1143 2173 re
1174 2144 1305 2188 quam
1332 2131 1567 2187 scopuloso
1607 2128 1865 2185 difficilique

235 2199 335 2261 loco
362 2212 590 2243 versemur
612 2213 708 2244 cum
727 2200 908 2244 minime
929 2214 1012 2243 nos
1038 2200 1178 2258 fugiat
1200 2215 1255 2244 ea
1277 2202 1586 2244 tantummodo
1609 2202 1865 2253 afferemus,

199 2282 233 2312 x
262 2268 418 2325 quibus
449 2269 562 2313 certi
593 2270 755 2328 aliquid
788 2284 1021 2314 censemus
1053 2273 1247 2316 elucere

308 2337 501 2383 Primum
547 2339 637 2383 iam
689 2341 746 2383 de
788 2340 945 2398 pulpiti
991 2341 1067 2384 vel
1112 2341 1257 2398 potius
1302 2342 1593 2399 hyposcaenii
1639 2341 1866 2385 altitudine

80 2399 136 2465 ’4ξέῗρ
147 2403 277 2451 nihil
324 2408 506 2453 omnino
553 2411 687 2454 statui
733 2415 897 2468 potest.
961 2411 1172 2454 Christius
1219 2411 1400 2469 quidem
1444 2412 1561 2464 (Sitz.
1566 2412 1682 2456 -Ber.
1739 2413 1863 2461 1894,

119 2467 199 2520 5²ss1
229 2489 272 2533 p.
306 2480 360 2521 27
394 2480 497 2522 adn.
548 2481 587 2531 1)
624 2482 757 2524 docet
794 2481 839 2524 in
871 2481 1110 2537 Epidaurio
1145 2477 1337 2538 theatro,
1396 2497 1496 2525 cum
1528 2483 1666 2539 quinti
1699 2482 1865 2525 saeculi

94 2542 347 2597 zfabulae
385 2552 646 2607 agebantur,
689 2564 766 2594 eas
806 2565 1038 2608 personas,
1077 2551 1233 2608 quibus
1273 2566 1331 2596 ex
1372 2553 1586 2597 inferiore
1616 2553 1786 2610 parodo
1818 2552 1865 2595 in

114 2616 440 2663 orchestram
480 2622 735 2678 progressis
777 2620 820 2664 in
859 2619 1025 2675 λογεῖον
1065 2624 1393 2667 ascendendum
1435 2628 1545 2674 erat,
1592 2622 1723 2665 scalis
1760 2634 1866 2664 usas

128 2677 271 2746 {gesse
317 2701 380 2732 ex
415 2691 722 2748 hyposcaenio
761 2692 912 2750 aptis,
938 2697 1180 2751 rogatque.
1234 2694 1323 2745 „Ob
1371 2696 1525 2739 solche
1572 2693 1742 2737 Stellen
1789 2690 1864 2734 bei

94 2749 148 2805 «(’ἶ
146 2739 348 2802 Stellen
383 2760 457 2805 bei
504 2761 685 2807 Plautus
730 2766 817 2808 und
858 2765 1032 2809 Terenz
1077 2763 1429 2809 vorkommen‘?“
1505 2765 1647 2808 Unum
1691 2776 1772 2806 nos
1819 2760 1863 2804 in

110 2826 321 2891 viginti
360 2831 556 2888 quinque
603 2835 851 2878 comoediis
897 2834 974 2878 inv
978 2834 1149 2879 enimus
1192 2837 1355 2891 locum,
1403 2835 1477 2880 ubi
1521 2839 1702 2893 poetam
1748 2832 1861 2877 illius
