2030 3125
292 141 302 178 ³⁷
316 140 531 210 gestaltet
552 162 658 205 war,
688 149 854 196 wissen
873 148 955 193 wir
984 144 1124 202 nicht;
1157 160 1235 191 aus
1258 149 1346 192 den
1368 148 1631 193 erhaltenen
1652 148 1825 195 Resten
1851 142 1925 166 ’“’

218 213 245 268 ἕ(
277 235 361 266 nur
389 222 566 276 hervor,
615 220 719 263 dass
750 218 818 263 sie
856 216 1154 274 zweifliigelig
1195 231 1412 275 gewesen
1443 220 1512 275 ist,
1561 220 1664 265 eine
1694 220 1825 266 the

247 296 347 349 2,68
380 307 426 336 m
467 290 692 335 undeine
724 289 876 333 Breite
907 302 999 332 von
1035 290 1132 343 1,30
1163 302 1206 331 m
1243 291 1410 345 gehabt
1439 292 1530 335 hat.
1592 289 1668 333 Sie
1698 291 1824 340 hatte

76 354 223 416 &Falso
248 363 454 410 'dieselbe
487 363 651 405 Grosse
690 359 786 405 wie,
813 360 949 403 heute
991 353 1094 402 eine¹
1124 359 1452 417 zweifliigelige
1483 360 1825 406 Zimmerthiir.“

70 419 112 495 ,Ξῖν
127 433 186 492 (p.
220 435 332 485 128.)
363 457 421 463 —
453 430 566 487 „Die
598 429 750 473 Breite
783 431 863 473 des
889 429 1099 473 Podiums
1132 430 1306 486 betrug,
1339 443 1468 474 wenn
1500 430 1580 475 wir
1611 430 1685 475 die
1715 431 1824 476 Aus-

70 495 288 562 &Qladung
329 506 410 547 des
451 500 645 544 Geisons
688 500 1026 555 hinzurechnen,
1064 503 1182 544 etwa
1226 503 1324 556 3,20
1366 499 1453 545 m“.
1488 502 1537 551 (1.
1571 516 1610 544 a.
1643 502 1719 559 fig.
1753 506 1821 558 50,

70 570 86 633 ’μ
126 578 177 621 tt.
209 575 263 620 VI
294 578 340 618 et
371 573 479 625 VII.)

266 646 471 701 Denique
503 656 645 686 cavea
669 656 858 698 quoque,
892 641 936 684 id
959 642 1077 697 quod
1101 639 1212 684 infra
1234 643 1481 699 apparebit,
1514 644 1569 686 ad
1592 644 1707 686 hanc
1728 657 1823 687 rem

72 712 79 715 ’
124 717 333 774 pertinet.
397 714 521 763 Quae
564 715 618 755 ad
652 715 861 767 quantam
894 715 1134 767 consurgat
1176 711 1455 757 altitudinem
1495 727 1764 770 quamquam
1796 729 1823 756 a

125 783 416 842 Doerpfeldio
447 796 536 826 non
558 783 762 835 refertur,
795 784 947 824 tamen
969 782 1257 824 subducenda
1288 784 1461 827 ratione
1493 783 1639 826 obiter
1670 790 1822 840 potest

125 855 383 912 computari.
437 852 645 909 Legimus
668 851 788 893 enirn
819 850 861 893 in
895 851 1009 895 illius
1041 852 1156 895 libro
1189 851 1251 908 (p.
1277 853 1396 906 121.)
1428 866 1615 896 caveam
1638 853 1822 897 circuitu

123 920 390 978 (διαζώματι)
422 922 464 964 in
496 922 604 965 duas
628 920 813 965 divisam
836 934 938 964 esse
960 926 1126 978 partes,
1162 936 1346 978 quarum
1367 922 1549 966 inferior
1571 924 1820 978 duodecim,

24 1022 57 1035 ν
122 996 325 1053 superior
348 993 504 1048 viginti
536 995 646 1035 duos
679 992 821 1035 ferme
854 993 1208 1048 comprehendat
1230 1006 1410 1048 cuneos,
1443 994 1656 1036 subsellia
1687 995 1822 1051 longe

37 1062 70 1105 ²1.
122 1065 309 1122 plurima
331 1067 493 1107 eadem
514 1063 667 1120 specie
690 1077 792 1105 esse
818 1067 955 1119 atque
977 1062 1164 1106 aliorum
1188 1063 1479 1108 theatrorum.
1530 1065 1577 1107 In
1599 1064 1819 1122 Dionysio

33 1188 38 1194 Ι
122 1134 256 1192 igitur
288 1134 628 1177 Atheniensium
652 1134 828 1174 theatro
862 1132 1130 1188 singularum
1163 1134 1473 1189 gradationum
1505 1135 1692 1179 altitudo
1724 1140 1822 1178 erat

0 1188 63 1249 {2³2
121 1205 283 1261 pedum
314 1204 586 1261 singulorum
619 1205 675 1258 (p.
697 1204 797 1256 42),
831 1203 1068 1245 universae
1089 1202 1376 1259 gradationes
1409 1203 1706 1261 quadraginta
1736 1217 1822 1247 sex

0 1305 7 1323 ι
121 1273 182 1330 (p.
202 1272 306 1328 41),
340 1277 386 1316 ut
408 1286 582 1316 summa
604 1286 757 1315 eorum
787 1273 974 1328 pedibus
999 1272 1175 1316 clrciter
1207 1273 1502 1329 quadraginta
1526 1275 1716 1330 quinque
1743 1276 1820 1318 vel

0 1347 10 1411 ξ
53 1350 61 1407 ⁷.
122 1342 442 1400 quinquaginta
473 1343 692 1386 collocata
725 1346 846 1384 esset
879 1356 1010 1398 supra
1041 1344 1332 1385 orchestram.
1387 1343 1514 1386 Cuius
1536 1344 1698 1399 radius,
1733 1358 1820 1401 qua

122 1413 299 1470 quidem
331 1417 515 1457 veteres
548 1414 590 1456 in
624 1410 914 1455 aedificandis
947 1412 1134 1456 theatris
1173 1415 1412 1457 utebantur
1451 1426 1673 1469 mensura,
1723 1428 1820 1457 cum

121 1496 266 1541 aeque
297 1483 457 1540 longus
490 1483 548 1525 sit
579 1486 715 1537 atque
747 1481 1016 1537 Epidauriae
1049 1482 1095 1536 (l.
1121 1497 1159 1526 a.
1183 1497 1223 1538 p.
1246 1486 1350 1525 124:
1385 1518 1408 1537 ‚‚
1431 1517 1438 1525 .
1460 1517 1468 1526 .
1490 1517 1497 1526 .
1518 1517 1527 1528 .
1560 1485 1645 1527 wie
1669 1485 1818 1527 dieser

121 1552 196 1608 [sc.
230 1555 310 1595 der
341 1554 579 1609 Tanzplatz
612 1555 657 1596 in
680 1550 842 1606 Athen]
878 1551 1006 1595 einen
1031 1552 1195 1597 Radius
1228 1566 1318 1596 von
1342 1555 1437 1607 9‚s1
1462 1566 1506 1596 m
1538 1553 1817 1598 einschliess·

119 1623 205 1667 lich
238 1624 318 1666 der
350 1623 687 1668 Steinschwelle
717 1624 809 1675 hat,
852 1636 902 1664 so
934 1622 1064 1665 kehrt
1099 1624 1187 1665 fast
1219 1623 1429 1665 dasselbe
1462 1622 1579 1664 Mass
1613 1622 1726 1675 (9,77
1759 1623 1817 1677 m)

120 1692 162 1736 in
184 1692 430 1750 Epidauros
453 1694 518 1738 als
541 1693 709 1737 Radius
733 1694 813 1734 des
835 1693 1095 1748 Erdplatzes
1127 1693 1356 1735 innerhalb
1380 1695 1459 1735 der
1482 1691 1818 1736 Steinschwelle

119 1762 354 1819 wieder.“)
386 1766 587 1821 sequitur
620 1766 814 1806 eandem
836 1763 959 1806 huius
993 1778 1159 1808 caveae
1182 1762 1316 1806 fuisse
1349 1762 1641 1806 altitudinem.
1691 1761 1817 1812 Quod

119 1834 156 1876 si
201 1840 387 1889 constet,
437 1836 660 1891 fastigium
703 1835 796 1877 eius
844 1835 899 1876 ab
941 1833 1226 1877 histrionibus
1275 1837 1380 1876 ante
1419 1832 1523 1877 illud
1555 1828 1818 1887 προσκήνιον

118 1905 356 1961 agentibus
388 1905 555 1947 distare
586 1905 727 1960 pedes
760 1918 795 1946 c.
829 1907 1007 1947 centum
1041 1905 1273 1961 octoginta
1304 1903 1547 1948 ratiuncula
1579 1904 1813 1959 colligitur.

259 1975 380 2017 Nunc
412 1974 647 2018 clarissimi
687 1974 812 2018 huius
851 1973 1042 2019 aedificii
1082 1975 1224 2019 forma
1266 1973 1508 2031 specieque
1550 1974 1816 2014 adumbrata

118 2044 230 2086 haec
251 2045 347 2100 ipsa
370 2046 524 2101 quibus
546 2047 676 2089 rebus
700 2059 799 2087 cum
821 2044 1083 2101 Doerpfeldi
1105 2044 1329 2088 sententia
1352 2048 1533 2100 pugnet,
1559 2045 1814 2099 priusquam

117 2115 174 2156 ad
206 2113 262 2168 id,
309 2117 425 2170 quod
457 2114 639 2171 proprie
685 2114 812 2158 nobis
858 2114 1182 2171 proposuimuS‚
1225 2118 1517 2170 transeamus,
1557 2112 1709 2169 paucis
1741 2115 1813 2156 ab·

0 2191 21 2230 ’ἐξ
117 2186 353 2228 solvemus.
401 2188 545 2241 Atque
566 2184 735 2229 minimi
756 2184 830 2228 ille
864 2183 1042 2240 quidem
1074 2183 1289 2229 momenti
1320 2184 1363 2226 id
1396 2189 1522 2241 putat
1544 2197 1660 2237 esse,
1694 2184 1813 2239 quod

116 2257 162 2296 et
199 2253 273 2297 alii
311 2254 354 2296 ei
395 2260 694 2312 opposuerunt
740 2258 786 2298 et
825 2269 908 2298 nos
949 2268 1080 2311 supra
1121 2255 1468 2311 significavimus
1512 2268 1606 2310 eos,
1656 2255 1728 2310 qui
1769 2253 1811 2295 in

0 2329 13 2373 Ε
116 2338 290 2367 summa
321 2339 463 2368 cavea
494 2328 708 2370 sederent
739 2330 1032 2383 spectatores,
1075 2326 1249 2383 longius
1282 2327 1336 2369 ab
1370 2327 1602 2368 orchestra
1633 2325 1812 2379 afuisse,

115 2407 247 2450 quam
268 2400 326 2449 ut,
360 2409 476 2451 quae
499 2401 676 2440 actores
699 2396 760 2441 ibi
780 2397 1086 2453 loquerentur,
1120 2399 1277 2438 cuncta
1298 2395 1580 2437 exaudirent.
1628 2394 1814 2451 Experi-

114 2469 268 2508 mento
300 2466 419 2509 enim
452 2466 689 2509 collectam
721 2480 772 2510 se
804 2466 909 2509 dicit
939 2466 1108 2509 habere
1140 2467 1266 2508 huius
1288 2466 1353 2508 rei
1385 2464 1603 2508 notitiam.
1653 2466 1813 2509 Coram

112 2526 285 2578 maiore
316 2536 546 2580 hominum
587 2541 720 2580 coetu
763 2551 877 2594 quae
910 2536 1090 2593 quidam
1131 2535 1174 2578 in
1208 2537 1440 2579 orchestra
1482 2536 1708 2591 recitaret,
1759 2549 1814 2578 ea

114 2607 168 2650 ab
185 2606 367 2662 reliquis
386 2607 428 2651 in
444 2606 625 2664 fastigio
642 2607 930 2652 versantibus
948 2607 1078 2664 plane
1097 2611 1283 2663 accepta
1300 2620 1417 2649 esse.
1464 2605 1595 2649 Esto!
1644 2606 1812 2650 Verum

113 2677 189 2720 ille
235 2682 416 2720 conatus
464 2682 533 2720 est
578 2678 814 2721 universas
862 2678 987 2721 unius
1045 2691 1161 2733 quae
1209 2678 1408 2733 qualibet
1454 2676 1602 2720 fabula
1649 2676 1813 2719 actoris

112 2752 212 2789 sunt
248 2751 420 2801 partes,
469 2747 612 2790 veluti
655 2748 1007 2804 protagonistae,
1056 2747 1207 2804 paucis
1247 2747 1367 2791 horis
1406 2747 1469 2790 ita
1511 2748 1718 2802 recitare,
1765 2751 1812 2789 ut

113 2817 398 2861 remotissimi
430 2832 606 2874 quoque
638 2822 918 2875 spectatores
950 2821 1154 2863 extrema
1186 2820 1327 2863 verba
1373 2831 1462 2860 non
1503 2819 1648 2861 minus
1680 2831 1810 2874 quam

14 2891 45 2921 '-
111 2889 253 2948 prima
284 2889 459 2931 auribus
490 2889 809 2946 perciperent?
850 2889 946 2933 Hoc
970 2891 1071 2933 dum
1104 2889 1201 2945 quis
1225 2889 1441 2944 effecerit,
1474 2893 1643 2932 tantum
1665 2884 1808 2931 histri-v
