2030 3125
25 137 137 240 ξ’).
132 171 240 216 dass
271 170 344 214 ein
374 171 552 215 solcher
583 167 806 227 Vorgang
833 181 892 212 an
923 144 1463 219 Unwahrscheinlichkeit
1493 136 1701 226 gewinnt,

8 288 13 306 Α,
132 240 332 297 verliert‚
359 241 409 298 je
439 229 553 284 nach
583 240 690 284 dem
715 238 847 297 Weg,
880 240 968 283 den
998 241 1085 284 der
1106 239 1404 284 Auftretende
1434 238 1608 284 nimmt.
1614 239 1635 261 ‘⁴
1685 237 1779 291 Q

35 312 47 319 “’
132 325 298 368 paucos
337 325 500 368 magno
547 324 611 354 ex
648 324 836 355 numero
878 312 1013 365 locos,
1063 311 1221 368 quibus
1263 311 1375 354 certi
1419 311 1587 368 aliquid
1628 304 1808 354 constat

133 383 355 436 videatar‚
387 382 562 425 electos
595 385 642 425 et
672 380 719 424 in
749 381 899 438 capita
930 381 1174 438 dispositos
1204 382 1465 425 afferemus.

170 567 208 614 Ι.
244 570 481 637 Personae
512 578 613 611 non
643 567 914 612 cernuntur
943 568 1003 612 ab
1034 567 1145 612 aliis
1176 579 1202 611 e
1233 579 1404 612 scaena
1431 562 1800 621 prodeuntibus.
1844 547 1854 560 *⁴

276 660 509 705 Casina:
544 660 749 704 Chalinus
772 674 830 703 ne
862 675 888 702 a
910 660 1156 717 Lysidamo
1179 664 1226 703 et
1248 661 1517 718 Olympione
1548 663 1684 705 domo
1705 674 1838 719 egre·
1886 665 1906 697 ‘·
1936 668 1939 677 ²

132 731 356 776 dientibus
377 731 686 788 conspiciatur,
710 731 834 775 abdit
856 745 906 775 se
928 747 967 776 v.
992 734 1095 776 413:
1124 732 1290 786 „Attat‚
1313 733 1557 788 concedam
1577 733 1681 786 huc;
1703 729 1837 784 audio
1889 745 1895 751 ’

0 848 2 854 ,
134 801 303 858 aperiri
342 801 464 846 foris.
517 800 621 844 Mihi
653 802 982 845 benevolentes
1015 805 1150 858 atque
1182 802 1315 845 amici
1345 804 1581 858 prodeunt.
1633 801 1746 850 Hinc
1777 814 1838 845 ex
1899 847 1909 854 ,

0 859 11 896 ³³
82 912 83 915 ,
132 871 300 916 insidiis
331 870 456 915 hisce
488 884 575 927 ego
607 870 791 914 insidias
823 873 981 915 dabo.“
1046 871 1219 915 Deinde
1252 885 1351 915 cum
1383 885 1538 915 eorum
1569 871 1838 929 colloquium

2 943 5 945 ’
52 954 55 956 ·
132 942 289 985 summi
323 941 378 983 ad
411 954 537 984 suam
558 954 654 984 rem
686 941 1038 988 momentisesse
1069 942 1283 986 senserit:
1322 941 1582 995 „Recessim
1615 941 1732 983 dabo
1761 955 1847 985 mer

133 1013 189 1055 ad
218 1010 457 1068 parietem,
499 1010 707 1054 imitabor
738 1011 943 1067 nepam“.
1006 1011 1090 1055 Hic
1120 1013 1271 1068 paries
1311 1025 1459 1068 neque
1500 1012 1855 1069 parascaenium,
1929 1016 1949 1030 ²

132 1095 280 1138 neque
300 1094 465 1124 scaena
486 1085 637 1136 potest
659 1080 872 1137 intellegi,
906 1082 978 1125 ubi
1000 1081 1076 1126 ille
1103 1096 1192 1125 non
1213 1087 1368 1138 posset
1399 1096 1486 1124 non
1510 1082 1662 1124 statim
1694 1081 1836 1136 cerni;

131 1154 274 1194 restat
304 1151 515 1206 parodOS.
578 1149 725 1192 Habet
756 1155 905 1193 autem
945 1151 1022 1194 ille
1054 1165 1214 1194 versus
1251 1165 1465 1207 magnam
1502 1150 1836 1195 similitudinem

132 1221 246 1264 illius
269 1219 496 1275 Aristoph.
539 1220 656 1265 Eccl.
680 1221 789 1261 497:
821 1211 915 1258 ἄλλ’
939 1213 1005 1258 εἷα
1028 1217 1140 1275 δεῦρ’
1177 1214 1251 1260 ἐπὶ
1272 1220 1394 1270 σκιᾶς
1425 1214 1622 1260 ἐλθοῦσα
1653 1213 1765 1274 πρὸς
1784 1212 1838 1261 τὸ

132 1291 288 1342 τειχίον
310 1284 666 1344 παραβλέπουσα
687 1282 865 1342 θᾶτέρῳ
888 1284 1023 1330 πάλιν
1038 1282 1326 1341 μετασκεύαζὲ
1346 1286 1534 1346 σᾳυτήν;
1556 1291 1708 1346 dequo
1732 1290 1837 1342 dicit

133 1360 346 1404 Christius
378 1358 627 1414 (Sitz.-Ber.
653 1362 780 1413 1894,
811 1359 841 1402 Ι.
874 1374 917 1416 p.
942 1359 1040 1415 36):
1078 1394 1114 1412 ‚‚.
1149 1395 1157 1403 .
1192 1393 1201 1406 .
1237 1394 1245 1403 .
1279 1361 1429 1404 indem
1461 1362 1542 1403 der
1564 1360 1833 1404 Chorfiihrer

133 1431 206 1475 die
236 1430 410 1474 Frauen
449 1430 707 1485 auffordert,
755 1430 849 1473 sich
889 1429 1037 1474 hinter
1074 1433 1155 1475 der
1186 1433 1406 1475 vorderen
1440 1431 1835 1475 Abschlussmauer

133 1502 213 1544 der
244 1499 520 1544 Paraskenia
550 1499 876 1553 umzukleiden,
918 1500 1056 1544 damit
1088 1500 1155 1543 sie
1194 1501 1315 1544 nicht
1345 1513 1438 1542 von
1469 1499 1619 1544 einem
1650 1501 1723 1544 auf
1753 1501 1833 1543 der

132 1572 289 1614 Biihne
327 1571 531 1626 gesehen
563 1571 794 1624 wiirden;“
839 1569 943 1615 ibid.
976 1584 1019 1626 p.
1053 1573 1132 1612 42:
1169 1570 1284 1622 „Das
1316 1570 1471 1621 τειχίον
1502 1570 1632 1613 ᾱίθηῒ
1662 1569 1706 1613 in
1747 1571 1834 1614 den

131 1639 480 1686 Ekklesiazusen
503 1641 626 1694 dazu,
661 1654 735 1683 um
766 1640 840 1683 die
873 1639 1021 1683 hinter
1044 1641 1307 1683 demselben
1333 1641 1584 1684 stehenden
1604 1642 1834 1684 Personen
1914 1694 1918 1697 ι
1957 1684 1959 1686 ,
1982 1617 1987 1620 ⁵

131 1712 218 1755 den
243 1710 429 1756 Blicken
457 1712 538 1754 der
558 1709 701 1753 Leute
733 1712 809 1756 auf
840 1711 920 1753 der
943 1711 1096 1754 Biihne
1129 1723 1179 1752 zu
1202 1711 1453 1757 entziehen.
1502 1710 1601 1754 Nun
1623 1711 1834 1760 kommen

132 1783 240 1826 aber
272 1782 388 1825 noch
420 1780 570 1839 einige
603 1782 774 1825 andere
806 1781 931 1826 Falle
963 1793 1061 1835 vor,
1106 1794 1177 1824 wo
1203 1779 1389 1837 jemand
1420 1794 1509 1825 von
1543 1782 1631 1824 den
1662 1778 1835 1824 Leuten

130 1853 205 1898 auf
235 1854 316 1898 der
349 1853 502 1897 Biihne
548 1854 669 1897 nicht
710 1854 913 1909 gesehen
953 1852 1076 1906 wird,
1125 1851 1235 1894 oder
1275 1866 1351 1894 um
1390 1851 1483 1896 sich
1521 1854 1611 1896 den
1650 1851 1834 1895 BIIcken

133 1923 372 1967 derselben
413 1936 466 1966 zu
508 1924 758 1979 entziehen,
806 1936 882 1966 zur
923 1922 1046 1967 Seite
1084 1921 1192 1972 tritt,
1238 1935 1290 1965 so
1332 1921 1375 1965 in
1412 1921 1515 1966 Eur.
1552 1921 1662 1968 Hec.
1710 1923 1833 1978 1054,

135 1995 449 2048 1109—1116;
482 1993 615 2038 Herc,
651 1995 965 2048 1081—1109;
997 1993 1162 2036 Aesch.
1196 1994 1393 2049 Choeph.
1434 1997 1504 2048 20,
1538 1995 1637 2035 872.
1700 1992 1835 2048 Soph.

130 2061 254 2108 Phil.'
277 2063 331 2104 16
350 2062 420 2119 ff.;
453 2062 521 2106 Ai.
552 2064 705 2109 1044.“
760 2062 858 2106 Hoc
890 2061 1123 2120 impugnat
1156 2063 1304 2120 Capps
1336 2062 1467 2116 (Prot.
1491 2063 1637 2107 Christ
1667 2076 1726 2105 on
1757 2061 1836 2105 the

131 2132 273 2189 greek
304 2136 462 2189 stage:
505 2135 602 2177 The
624 2135 837 2181 ‚classical
867 2132 1048 2188 review,
1089 2133 1249 2187 March,
1286 2136 1412 2187 1895,
1445 2134 1541 2177 Vol.
1574 2132 1654 2187 IX,
1687 2135 1759 2177 noss
1793 2135 1834 2186 2,

131 2217 173 2260 p.
199 2204 322 2251 136):
357 2204 483 2257 „Too
504 2204 636 2247 much
658 2209 798 2250 stress
820 2204 858 2248 is
879 2202 969 2249 laid
993 2202 1067 2258 (sc.
1089 2204 1155 2260 by
1177 2203 1335 2254 Christ)
1366 2217 1482 2260 upon
1505 2204 1582 2246 the
1605 2203 1837 2249 existence

132 2274 182 2316 of
208 2276 286 2317 the
317 2273 585 2330 parascenia
624 2276 693 2319 for
726 2275 880 2331 hiding
911 2287 1084 2316 soenes.
1148 2273 1183 2316 It
1214 2275 1252 2325 is
1282 2273 1534 2317 noticeable
1575 2274 1673 2317 that
1701 2272 1746 2315 in
1777 2272 1837 2319 all

131 2345 238 2387 such
269 2357 432 2388 scenes
465 2346 541 2389 the
573 2359 739 2402 person
771 2344 815 2389 in
846 2345 1003 2401 hiding
1033 2344 1072 2387 is
1104 2344 1206 2388 able
1238 2348 1284 2387 to
1317 2342 1702 2400 seeeverything
1740 2344 1836 2388 that

131 2428 242 2470 goes
275 2429 333 2457 on
363 2416 522 2460 before
554 2418 631 2460 the
661 2415 950 2472 background
991 2416 1086 2468 (see
1118 2429 1213 2472 esp.
1245 2415 1352 2459 Ach.
1387 2413 1471 2456 23'9
1504 2413 1549 2458 ff.
1582 2414 1671 2457 and
1702 2412 1835 2457 Herc.

135 2489 244 2529 1081
279 2486 353 2538 ff).
412 2487 665 2530 Theresore
697 2488 775 2530 the
807 2489 955 2528 actors
987 2485 1061 2529 did
1093 2490 1170 2529 not
1214 2486 1345 2529 stand
1375 2484 1491 2529 back
1520 2486 1728 2529 between
1758 2485 1837 2529 the

133 2558 440 2613 parascenia.“
505 2558 565 2601 At
595 2572 657 2601 ex
689 2556 798 2614 ipsis
842 2557 1010 2600 duobus
1052 2556 1154 2610 illis,
1202 2570 1314 2612 quos
1346 2555 1494 2612 Capps
1529 2555 1832 2612 „especially‘

136 2627 433 2672 animadverti
464 2629 574 2683 vult,
616 2629 726 2672 locis
773 2639 993 2684 personas
1038 2627 1080 2671 in
1112 2627 1296 2671 latebris
1343 2626 1586 2669 collocatas
1628 2625 1837 2682 quidquid

132 2697 175 2740 in
197 2699 464 2754 proscaenio
486 2702 682 2755 geratur,
717 2711 904 2741 cernere
927 2697 1109 2740 minime
1131 2697 1331 2751 efficitur,
1364 2696 1408 2740 id
1431 2697 1549 2752 quod
1571 2698 1648 2743 vel
1669 2697 1837 2740 medio·
1899 2709 1905 2717 ‘
1967 2676 2006 2750 ,ι

133 2767 268 2812 criter
298 2768 553 2826 inspicienti
583 2766 832 2826 apparebit.
864 2791 923 2797 ——
953 2766 1073 2824 Ergo
1091 2765 1323 2810 Chalinum
1355 2770 1461 2810 ante
1492 2766 1596 2810 illud
1627 2762 1840 2818 ,,τειχίον“

132 2851 184 2881 se
232 2840 401 2884 abdere
452 2838 717 2895 iudicamus;
779 2840 863 2882 hoc
909 2840 1061 2881 autem
1112 2837 1210 2881 sine
1257 2837 1548 2895 parascaenio
1598 2836 1697 2880 fieri
1748 2849 1862 2883 non?
1938 2825 1995 2879 ἶ

133 2914 298 2967 potest.
