2030 3125
37 66 55 81 Ἴ
176 24 234 66 84

173 139 272 183 Hoc
301 152 409 182 num
448 139 504 181 ad
535 149 688 180 rerum
718 135 962 179 veritatem
997 122 1281 189 iudicaverit,
1320 136 1579 193 explorare
1587 132 1658 186 ,oo

173 209 317 255 Hahni
352 219 532 265 quoque
564 208 621 250 ad
651 206 766 250 hanc
797 218 896 249 rem
927 193 1244 249 adnotationes
1275 206 1317 258 (l.
1348 206 1394 259 l.)
1424 205 1693 264 respicien

318 277 657 335 Amphitruo:
705 277 869 320 v.148
911 273 1040 319 Sosia
1073 289 1101 318 a
1130 280 1263 333 portu
1304 276 1503 331 advenit,
1551 274 1673 324 cuius
1711 289 1746 320 v

174 364 202 393 a
233 350 426 393 dextera
467 361 622 391 aurem
661 345 744 390 sibi
776 347 1042 390 verberasse
1084 344 1195 388 dicit
1231 344 1472 389 Mercurius
1508 361 1548 391 v.
1583 347 1713 402 3333
1736 347 1848 404 qual?

174 419 298 464 illum
328 418 372 461 in
405 431 461 460 ea
493 431 687 461 scaenae
719 420 862 474 parte,
895 429 1012 473 quae
1043 415 1350 473 spectantibus
1380 415 1561 460 sinistra
1592 419 1675 472 est,
1706 425 1905 477 versati?
1909 418 1949 477 ’ζ’ῑῖ

175 492 380 547 oportet;
403 488 460 531 ab
494 489 657 532 eadem
689 492 841 531 autem
871 490 1003 543 parte
1033 485 1265 542 ingressus
1297 489 1369 529 est
1397 487 1589 530 necdum
1612 481 1913 544 Mercurium?
1913 476 1963 547 ’ἒ

173 559 423 617 praeteriit,
455 557 499 600 id
530 557 649 614 quod
681 561 873 614 apparet
905 570 966 599 ex
996 570 1038 599 v.
1071 557 1155 598 263
1188 569 1254 613 sq.
1302 557 1429 600 Attat
1459 555 1549 600 illic
1581 556 1665 600 huc
1696 556 1877 616 iturust;
1931 578 1955 623 a}

172 629 247 673 ibo
278 643 368 686 ego
398 629 488 672 illic
521 627 720 671 obviam.
772 627 930 684 Neque
963 640 1051 683 ego
1081 628 1197 669 hunc
1227 627 1456 669 hominem
1486 627 1622 671 hasce
1652 627 1788 671 hodie
1819 622 1991 693 adsi

174 700 316 743 aedes
347 698 493 752 sinam
524 710 719 753 unquam
749 698 1009 742 accedere.“
1076 695 1264 740 Sinistra
1295 695 1430 752 igitur
1461 697 1769 752 spectantibus
1798 711 1876 755 pa·
1919 687 2005 755 *2325

175 770 312 812 rodos
334 782 362 810 a
382 772 515 824 portu
536 766 638 810 fert.
661 768 734 820 (cf.
757 766 902 811 Hahn.
925 781 966 823 p.
983 764 1075 820 24).
1108 765 1177 808 De
1198 767 1342 809 altera
1362 767 1534 822 parodo
1557 765 1666 810 nihil
1687 756 1876 813 consta't.
1922 760 2017 826 [—

317 836 596 882 Asinaria:
628 850 673 880 v.
692 838 776 880 376
799 836 1021 880 Mercator
1042 850 1070 879 a
1090 834 1281 880 balineis
1302 835 1548 880 adueniens
1570 849 1629 879 ne
1645 835 1878 883 Leonidae

175 909 221 951 in
237 909 384 951 forum
407 908 657 951 discedenti
681 907 864 950 obviam
885 909 974 962 fiat,
997 906 1140 949 altera
1159 907 1333 962 parodo
1354 907 1668 962 progrediatur
1689 920 1878 952 necesse

178 982 270 1034 est;
316 979 525 1023 balineae
564 980 717 1021 autem
748 976 854 1022 illae
891 975 1041 1034 portui
1070 976 1249 1020 vicinae
1280 981 1384 1020 sunt
1421 976 1690 1034 cogitandae
1720 977 1877 1033 (Hahn.

177 1063 220 1105 p.
253 1049 352 1102 26);
384 1050 499 1092 alter
530 1048 664 1104 igitur
695 1048 841 1091 aditus
873 1060 899 1089 a
930 1048 1043 1100 for0,
1076 1046 1190 1089 alter
1222 1060 1249 1088 a
1279 1052 1411 1105 portu
1442 1048 1543 1089 fert.

322 1118 630 1162 Aulularia:
678 1118 823 1162 Hahn.
868 1131 910 1175 p.
950 1119 1028 1160 29:
1080 1115 1152 1169 „In
1183 1116 1357 1160 incerto
1403 1117 1604 1161 relictum
1645 1120 1729 1172 est,
1761 1119 1879 1162 unde
1986 1133 2017 1145 *⁵

176 1187 359 1232 veniant
392 1193 468 1231 aut
499 1202 585 1245 quo
617 1188 783 1231 abeant
814 1187 933 1231 Eucl.
968 1189 1067 1242 668,
1100 1189 1200 1242 705,
1232 1188 1378 1231 Strob.
1403 1190 1500 1242 579,
1535 1189 1633 1242 673,
1656 1189 1755 1239 693,
1778 1190 1877 1242 704,

178 1260 278 1313 801,
326 1257 534 1314 quoniam
574 1258 798 1301 nescimus
845 1256 918 1301 ubi
971 1258 1091 1300 lucus
1143 1256 1311 1300 Silvani
1365 1256 1694 1313 Lyconidisque
1739 1259 1879 1301 aedes

176 1327 291 1370 sitae
321 1328 450 1370 sint.“
490 1322 759 1384 'Lyconidis
792 1325 975 1383 quidem
1005 1328 1150 1386 aedes
1177 1340 1264 1369 non
1298 1326 1342 1369 in
1368 1340 1544 1381 scaena,
1579 1327 1660 1369 sed
1691 1327 1737 1369 in
1768 1328 1879 1371 urbe

177 1397 288 1441 sitas
334 1397 424 1440 iam
471 1411 606 1455 supra
652 1396 716 1454 (p.
752 1396 820 1451 13)
864 1395 1072 1440 videmur
1116 1397 1470 1453 demonstrasse3
1518 1397 1686 1441 Silvani
1733 1398 1879 1441 lucum
1957 1420 1977 1437 z.

182 1470 340 1521 ¹‚extra
371 1469 568 1512 murum“
603 1467 736 1512 situm
769 1480 873 1510 esse
905 1467 1004 1524 ipse
1031 1472 1173 1529 poeta
1205 1467 1311 1510 dicit
1343 1482 1382 1512 v.
1406 1469 1507 1512 666.
1567 1467 1666 1511 Non
1685 1469 1879 1511 eandem

178 1541 332 1580 autem
362 1539 564 1595 parodon
601 1541 758 1590 „extra
789 1538 987 1581 murum“
1033 1541 1170 1594 atque
1211 1539 1265 1581 ad
1298 1536 1541 1594 Lyconidis
1583 1539 1721 1582 aedes
1759 1538 1879 1583 ferre

177 1620 277 1651 cum
308 1620 392 1664 per
422 1621 473 1650 se
504 1612 855 1652 consentaneum
894 1611 965 1651 est
1005 1611 1097 1650 tum
1133 1620 1188 1650 eo
1221 1621 1400 1664 quoque
1439 1607 1712 1664 intelligitur,
1758 1609 1878 1665 quod
1939 1636 1942 1638 v

178 1691 222 1720 v.
256 1679 341 1720 704
389 1677 605 1721 Strobilus
637 1691 790 1720 aurum
820 1678 919 1722 seni
951 1681 1203 1734 surreptum
1234 1679 1414 1722 domum
1446 1679 1670 1722 ablaturus
1701 1692 1791 1722 non
1822 1691 1879 1722 ea
1988 1677 1997 1686 '

175 1749 348 1804 parodo
381 1746 445 1791 uti
476 1750 640 1804 potest,
689 1762 777 1804 qua
802 1747 1008 1804 proximo
1041 1748 1115 1804 qui
1146 1747 1347 1804 sequitur
1377 1762 1510 1793 versu
1539 1748 1692 1792 Euclio
1724 1763 1751 1791 a
1781 1749 1879 1792 luco

176 1817 379 1861 advenit.
442 1816 590 1866 Quare
622 1818 706 1861 hac
748 1817 791 1860 in
823 1817 974 1861 fabula
1006 1819 1121 1861 alter
1158 1817 1305 1862 aditus
1348 1831 1409 1860 ex
1451 1819 1574 1873 urbe,
1622 1818 1735 1862 alter
1775 1831 1880 1863 rure

177 1885 450 1931 venientium
484 1892 567 1931 est.

319 1956 571 2013 Captivi:
604 1956 805 1999 Hahnius
839 1957 895 2013 (p.
931 1958 999 2009 19)
1043 1957 1225 2014 quidem
1257 1958 1316 2000 de
1347 1959 1431 2001 hac
1461 1971 1510 2000 re
1542 1963 1665 2001 certo
1697 1958 1881 2001 decerni
1975 1996 2010 2016 ,-

173 2039 310 2083 posse
340 2030 492 2083 negat.
555 2026 693 2084 Atqui
738 2026 782 2070 id
828 2041 909 2084 pro
951 2031 1075 2071 certo
1121 2031 1298 2071 constat
1328 2029 1541 2072 urbanam
1587 2030 1791 2085 parodon
1838 2026 1882 2072 ei
1948 2018 2015 2070 '‘⁵³2t

174 2096 431 2153 oppositam
463 2110 581 2151 esse,
630 2110 718 2153 qua
759 2111 785 2138 a
823 2101 954 2154 portu
1003 2098 1245 2142 venientes
1276 2102 1471 2142 utuntur.
1532 2097 1727 2142 Primum
1757 2098 1881 2143 enim

174 2180 219 2209 v.
244 2168 328 2209 763
361 2166 592 2223 Ergasilus
623 2167 848 2223 parasitus
880 2182 906 2211 a
937 2173 1069 2225 portu
1101 2170 1170 2221 (cf.
1195 2166 1302 2224 867)
1335 2182 1570 2212 accurrens
1601 2182 1660 2217 ne
1685 2168 1880 2226 Hegioni

174 2237 217 2280 in
249 2238 408 2281 urbem
440 2236 623 2280 abeunti
654 2237 833 2281 obviam
863 2238 956 2292 fiat,
998 2238 1141 2282 altera
1171 2239 1343 2296 parodo
1375 2239 1556 2296 prodire
1588 2240 1743 2295 debet3
1785 2242 1880 2281 tum

173 2323 212 2352 v.
248 2309 332 2349 782
365 2306 512 2363 Hegio
562 2319 624 2349 ex
658 2308 768 2352 urbe
813 2308 995 2352 rediens
1041 2309 1161 2354 illum
1211 2308 1437 2366 „protinus
1476 2313 1751 2353 currentem.
1775 2321 1876 2351 con·

174 2376 317 2434 spicit,
352 2376 395 2420 id
429 2378 547 2433 quod
581 2377 786 2434 intellegi
825 2391 913 2421 non
945 2382 1096 2435 potest
1126 2380 1211 2423 nisi
1244 2380 1302 2422 de
1333 2379 1476 2422 altera
1508 2393 1701 2423 scaenae
1732 2383 1878 2436 parte.
1944 2382 2027 2412 „³³-

174 2446 283 2489 Utra
315 2450 468 2490 autem
499 2448 696 2504 parodos
729 2448 904 2504 dextra,
937 2452 1035 2493 utra
1071 2448 1250 2493 sinistra
1279 2450 1350 2505 sit,
1383 2463 1474 2493 non
1495 2449 1639 2508 magis
1676 2451 1879 2507 apparet,
1934 2481 2017 2507 -

175 2530 307 2574 quam
338 2517 458 2559 unde
489 2531 533 2563 v.
572 2520 653 2560 992
701 2518 940 2574 Tyndarus
978 2533 1040 2563 ex
1068 2519 1320 2577 lapicidinis
1355 2524 1514 2572 „extra
1543 2519 1750 2577 portam“
1783 2518 1880 2569 sitis

174 2587 289 2640 (729)
321 2587 538 2631 adductus
568 2588 774 2645 prodeat.
1461 2641 1463 2643 ¹

318 2656 605 2703 Curculio:
652 2659 798 2705 Hahn.
836 2674 880 2716 p.
923 2662 996 2708 32:
1050 2660 1264 2713 „Sinister
1303 2663 1448 2709 aditus
1487 2676 1514 2706 a
1554 2664 1666 2711 foro,
1714 2662 1879 2717 dexter
1937 2680 1969 2720 2³?

172 2741 369 2787 peregre
402 2728 677 2782 venientium
711 2730 821 2775 est.“
889 2729 1018 2780 Quod
1064 2745 1168 2776 num
1211 2736 1380 2778 rectum
1418 2731 1489 2788 sit,
1535 2732 1672 2777 valde
1710 2730 1878 2785 dubito

174 2798 288 2842 Nam
319 2800 437 2855 quod
469 2798 524 2844 H.
556 2802 612 2843 ad
644 2815 684 2845 v.
748 2803 774 2843 0
808 2799 933 2845 dicit:
972 2815 1076 2854 „ara
1098 2801 1369 2851 Phaedromi
1391 2805 1449 2847 ad
1471 2804 1709 2851 dexteram
1729 2799 1909 2858 posita

173 2883 262 2914 non
292 2874 446 2928 potest
477 2870 566 2915 alio
605 2871 703 2916 loco
745 2871 946 2929 conspici
990 2877 1128 2929 atque
1173 2875 1280 2923 ante
1325 2872 1500 2941 lenonis
1541 2873 1705 2918 aedes“
1755 2870 1919 2935 ειταηιξ
