2030 3125
1808 42 1866 90 39

343 176 354 192 ⁸
377 173 380 188 ³
401 154 640 220 alloquitur
679 167 836 207 autem>
868 162 1024 206 Davus
1055 161 1380 208 illisversibus
1411 165 1512 215 (732
1541 166 1659 220 sqq.)
1700 162 1864 221 Mysiin

263 291 266 294 ψ
349 241 353 245 ’
388 240 586 291 ‘puerum
616 235 724 276 ante
761 232 952 278 Simonis
980 233 1134 288 aedes,
1182 233 1210 278 i.
1253 245 1292 277 e.
1332 237 1437 278 ante
1474 234 1618 291 ipsam
1654 235 1865 277 scaenam

260 304 409 357 ”stem
452 302 522 356 (cf.
571 305 655 346 724
698 302 842 361 sqq.);
889 316 1028 361 quare
1073 316 1170 347 cum
1215 304 1316 348 illuc
1361 314 1412 348 se
1443 319 1546 348 eum
1592 307 1862 349 convertere

286 386 359 423 ‚se
399 372 470 428 sit,
518 375 678 417 eadem
724 374 814 418 iam
862 373 905 417 ei
940 376 1077 430 atque
1114 387 1287 418 caveae
1328 376 1492 418 dextra
1537 379 1608 418 est
1652 375 1862 432 parodos,

80 438 85 442 ’
167 449 309 506 atque
335 452 392 488 ea
424 443 603 501 quidem
632 443 839 488 forensis.
900 445 940 488 A
975 449 1107 502 portu
1147 457 1257 488 unus
1298 445 1426 489 venit
1456 444 1576 489 Crito
1608 444 1750 503 (796);
1787 445 1863 504 qui

165 518 268 571 utra
297 515 489 572 prodeat
518 515 690 572 parodo
730 528 820 557 non
851 513 1004 571 liquet.
1064 512 1285 572 Reliquae
1325 529 1549 573 personae
1591 529 1748 561 omnes
1786 521 1862 560 aut

105 637 112 645 .,
167 583 337 629 forensi
367 584 489 628 aditu
520 590 597 629 aut
625 598 819 629 scaenae
849 584 990 629 ianuis
1020 589 1213 632 utuntur.

236 676 239 677 ⁷
310 654 544 712 Hecyra:
592 654 849 713 Qui‘cunque
894 669 922 699 a
966 656 1112 700 latere
1149 655 1371 712 incedunt,
1419 661 1493 701 aut
1532 671 1560 701 a
1596 658 1696 701 foro
1728 660 1803 700 aut
1834 668 1862 699 a

85 743 111 748 ·>
166 728 299 783 portu
330 726 601 783 adveniunt3
641 730 779 783 atque
809 727 979 770 duabus
1010 725 1193 784 parodis
1225 726 1410 771 diversis
1442 740 1523 770 eos
1554 727 1614 771 uti
1649 728 1863 770 docemur

166 809 212 841 v.
246 797 330 838 194
359 808 474 853 sqq„
521 795 593 840 ubi
631 798 851 840 Parmeno
892 798 949 839 ad
990 799 1166 853 portum
1212 796 1281 849 (cf.
1315 798 1385 848 77)
1427 797 1674 841 discedens·
1707 798 1863 841 valere

84 876 99 927 4'
166 865 289 911 iubet
310 865 546 923 Philotium
578 867 740 909 eodem
766 871 971 923 tempore
991 867 1163 923 parodo
1184 868 1447 921 abeuntem;
1478 881 1569 910 non
1601 865 1718 911 enim
1749 868 1863 910 haec

106 985 111 994 ,
167 935 211 979 in
242 937 395 990 aedes,
442 937 559 979 unde
590 935 703 979 exiit
749 935 817 988 (cf.
851 937 933 991 97),
979 935 1146 979 reverti
1175 940 1341 993 potest,
1385 943 1493 980 cum'
1526 937 1644 981 dicat
1675 950 1720 981 v.
1754 939 1860 979 195:

46 1060 56 1072 >
117 1008 124 1013 ”
166 1007 224 1052 Et
254 1020 342 1065 ego
375 1007 567 1063 quidem,
597 1020 661 1051 sc.
691 1020 877 1064 pergam
910 1020 995 1063 quo
1028 1005 1159 1064 coepi
1188 1008 1275 1051 hoc
1305 1008 1403 1051 iter.
1456 1060 1461 1067 ,

63 1068 66 1070 ’
107 1072 148 1087 ”
302 1075 977 1121 Heautontimorumenos:
1025 1076 1193 1121 Fabula
1240 1090 1337 1121 cum
1382 1092 1471 1122 non
1509 1078 1553 1122 in
1599 1079 1735 1127 urbe.
1782 1078 1862 1120 sed

167 1147 256 1191 ruri
287 1151 391 1191 ante
415 1146 663 1191 Chremetis
695 1151 741 1190 et
770 1147 1021 1191 Menedemi
1052 1148 1179 1192 villas
1209 1153 1382 1205 agatur,
1414 1150 1470 1191 ad
1503 1148 1690 1192 Pollucis
1722 1148 1864 1190 verba

49 1217 66 1251 'k
151 1230 257 1262 *non
305 1218 516 1274 pertinet.
578 1216 735 1274 Neque
783 1216 1021 1274 quidquam
1068 1219 1126 1261 de
1167 1218 1349 1275 parodis
1385 1222 1576 1273 constat,
1622 1218 1707 1261 nisi
1752 1218 1863 1259 duas

169 1300 272 1330 esse
310 1288 496 1343 colligas
538 1301 599 1329 ex
644 1302 688 1330 v.
732 1290 840 1330 587:
888 1288 971 1330 Abi
1013 1301 1122 1331 sane
1162 1288 1286 1343 istac,
1333 1289 1557 1342 istorsum,
1590 1288 1757 1343 quovis.
1805 1309 1862 1316 —

0 1367 35 1401 ἔμ’
168 1355 360 1407 Quarum
391 1350 634 1401 altera‘ex
654 1357 764 1401 urbe
795 1356 896 1412 fert,
928 1358 1070 1401 altera
1101 1358 1216 1401 haud
1248 1359 1341 1403 scio
1373 1372 1429 1402 an
1462 1362 1610 1402 utatur
1647 1356 1863 1400 Chremes

167 1426 335 1471 vicinos
368 1431 666 1470 conventurus
696 1441 741 1470 v.
775 1431 859 1470 500
888 1442 986 1484 sqq.

309 1498 624 1541 Eunuchus:
673 1497 847 1541 Dexter
884 1498 1030 1541 aditus
1068 1511 1130 1542 ex
1169 1498 1279 1541 urbe
1314 1497 1589 1542 venientium
1619 1501 1712 1551 est;
1760 1510 1862 1540 nam

168 1579 213 1611 v.
246 1569 330 1609 833
373 1580 470 1623 sqq.
531 1566 718 1624 Pythias
750 1567 1012 1623 Chaeream,
1059 1568 1133 1625 qui
1179 1582 1278 1611 cum
1315 1567 1571 1625 Antiphone
1618 1567 1661 1610 in
1707 1568 1863 1610 urbem

167 1637 276 1683 abiit
306 1653 350 1682 v.
384 1640 484 1692 614,
535 1636 653 1682 illinc
683 1641 949 1683 redeuntem
981 1637 1122 1682 cernit
1153 1639 1235 1691 „ad
1266 1639 1562 1693 sinisteram“,
1609 1651 1774 1694 nempe
1805 1638 1861 1680 ad

164 1709 407 1752 dexteram
427 1708 732 1765 spectantibus
742 1724 754 1764 ;
785 1708 905 1752 idem
937 1710 1082 1754 aditus
1115 1722 1141 1751 a
1161 1713 1294 1766 portu
1325 1722 1500 1765 quoque
1521 1709 1698 1752 videtur
1730 1707 1862 1761 ferre,

164 1781 284 1836 quod
316 1778 521 1823 Chaerea
552 1793 579 1821 a
608 1778 768 1823 Piraeo
805 1792 888 1835 per
918 1780 1072 1823 urbem
1114 1779 1299 1822 advenit
1339 1793 1382 1822 v.
1423 1781 1530 1833 289;
1577 1779 1631 1822 cf.
1666 1780 1749 1820 323
1793 1791 1861 1833 sq.

166 1851 256 1894 Rus
287 1853 435 1892 autem
473 1847 650 1891 sinistra
687 1849 856 1904 parodo
894 1848 1130 1892 discedere
1161 1848 1428 1892 Phaedriam
1470 1863 1510 1892 v.
1544 1850 1627 1889 224
1660 1846 1728 1899 (cf.
1761 1847 1862 1896 216)

22 1933 36 1953 2>
76 1952 83 1959 .
166 1932 224 1961 eo
255 1919 374 1961 haud
417 1919 511 1962 scio
557 1932 614 1961 an
652 1918 787 1962 liceat
818 1918 1017 1973 efficere,
1064 1919 1180 1975 quod
1211 1920 1403 1961 dextera
1447 1931 1535 1960 non
1580 1917 1676 1972 plus
1722 1917 1860 1960 tribus

96 2043 101 2046 ⁴
165 1989 367 2034 versibus
396 1993 498 2046 post
529 1988 696 2033 incedit
729 1988 906 2033 Gnatho
937 1987 1160 2045 parasitus
1191 2001 1289 2032 oum
1320 1988 1511 2045 virgine.

26 2048 30 2052 Σ
112 2060 123 2063 ⁴
307 2058 586 2104 Phormio:
635 2058 812 2103 Duabus
855 2072 964 2115 opus
995 2061 1064 2101 est
1100 2059 1279 2114 parodis
1323 2072 1367 2101 v.
1400 2061 1499 2113 216,
1546 2059 1619 2101 ubi
1649 2057 1859 2113 Antipho,

163 2142 223 2171 ne
244 2129 389 2185 patria
409 2132 540 2186 portu
560 2129 828 2186 ingredienti
851 2127 1032 2173 obviam
1047 2128 1140 2183 fiat,
1163 2142 1249 2171 non
1278 2131 1428 2185 potest
1448 2141 1538 2170 non
1565 2128 1609 2171 in
1637 2125 1861 2171 diversam

163 2201 338 2255 partem
368 2198 603 2243 discedere
635 2200 789 2252 (aedes
817 2211 918 2241 eum
939 2211 1028 2241 non
1049 2199 1215 2243 intrare
1247 2202 1435 2255 apparet
1457 2211 1518 2240 ex
1538 2211 1578 2241 v.
1603 2200 1708 2239 308:
1730 2196 1859 2239 Dem.

164 2267 360 2326 Antipho
399 2270 471 2313 ubi
512 2283 626 2312 nunc
668 2269 771 2312 est?
833 2268 915 2313 Ge.
946 2268 1122 2323 Foris.);
1169 2269 1358 2312 eandem
1390 2269 1611 2312 rationem
1642 2269 1863 2325 praebent

9 2377 48 2401 a>
163 2352 209 2384 v.
241 2352 286 2382 v.
319 2342 403 2381 462
435 2353 532 2397 sqq.
565 2339 848 2397 Demiphone
878 2338 921 2382 in
943 2338 1346 2396 portumdigresso
1378 2340 1521 2382 altera
1542 2339 1712 2396 parodo
1745 2336 1862 2381 redit

85 2432 88 2435 ⁴
164 2409 376 2466 Antipho.
439 2410 566 2460 Quae
598 2409 781 2468 quidem
813 2414 884 2453 est
904 2410 1072 2453 urbana
1086 2423 1097 2464 ς
1128 2423 1230 2461 nam
1261 2424 1300 2454 v.
1325 2411 1408 2451 566
1432 2409 1550 2454 Geta
1572 2414 1618 2452 et
1640 2408 1862 2452 Phaedria

16 2477 85 2530 Σὲ*
161 2478 475 2524 Phormionem
507 2494 569 2523 ex
597 2481 710 2524 urbe
741 2478 995 2524 arcessituri
1022 2492 1109 2523 non
1134 2492 1191 2522 ea
1210 2484 1395 2536 possunt
1416 2479 1652 2523 discedere
1673 2479 1859 2536 parodo,

39 2540 43 2543 Δ
67 2556 72 2566 “
103 2555 107 2557 ’
164 2561 254 2604 qua
284 2562 422 2593 versu
451 2550 905 2607 insequenteaportu
935 2550 1175 2594 adveniunt
1202 2550 1423 2607 Demipho
1456 2554 1503 2593 et
1534 2550 1772 2603 Chremes;
1805 2549 1866 2592 de

162 2623 340 2664 actuum
371 2624 522 2664 autem
553 2621 793 2666 intervallo
816 2619 1111 2675 conferantur,
1144 2635 1261 2677 quae
1293 2622 1349 2664 ad
1376 2621 1721 2673 „Mercatorem“
1747 2623 1866 2663 attu=

162 2685 317 2744 limus;
349 2703 464 2747 quae
485 2693 522 2736 si
543 2691 784 2749 respueris,
804 2704 887 2749 per
907 2704 957 2735 se
979 2695 1130 2736 tamen
1156 2695 1505 2736 consentaneum
1535 2695 1619 2746 est,
1653 2690 1864 2747 quoniam

162 2757 281 2802 duae
312 2765 576 2818 usurpantur
607 2763 811 2819 parodoi,
843 2763 1034 2807 alteram
1066 2776 1127 2805 ex
1147 2763 1271 2817 urbe,
1299 2763 1487 2806 alteram
1519 2776 1546 2804 a
1566 2764 1698 2818 portu
1727 2761 1861 2815 ferre,

136 2879 137 2882 Ἰ
160 2828 429 2883 praesertim
450 2843 548 2875 cum
568 2833 763 2888 aliunde,
794 2835 865 2878 vel
887 2847 991 2876 rure
1012 2834 1089 2877 vel
1110 2846 1320 2889 peregre,
1342 2833 1461 2876 nulla
1482 2831 1632 2876 veniat
1653 2843 1869 2887 persona..

91 2891 94 2895 ⁴
303 2899 556 2956 Adelphi:
597 2900 765 2947 Omnes
796 2907 874 2947 aut
904 2912 932 2945 a
962 2904 1061 2947 foro
1091 2905 1167 2945 aut
1197 2915 1298 2945 rure
1330 2915 1357 2943 a
1387 2902 1589 2945 Demeae
1621 2899 1729 2943 villa
1759 2912 1866 2958 pro—
